1577 2464
18 8 20 11 ⁴
47 14 91 61 104
128 8 358 83 uuo-eonssssnnius
374 15 486 63 Palemon
502 28 643 62 iusraucrus

22 126 24 130 ⁴
47 116 202 173 apprehendat
213 132 237 162 se
246 117 338 174 indigne
349 119 376 161 ab
388 130 414 161 eo
425 116 532 172 tractari3
550 129 600 173 quae
611 119 696 172 tamen,
709 116 728 160 si

47 189 75 219 ex
83 175 148 232 justa
158 192 234 231 causa,
249 180 273 222 et
283 192 334 221 cum
343 178 418 221 debito
430 176 584 220 moderamine
594 175 644 227 fiat,
654 180 729 232 potest

47 249 97 279 esse
109 236 156 279 sine
168 238 241 294 eulpa.
255 238 358 281 Secunda
374 240 416 289 est,
431 240 507 280 tumor
521 236 612 290 mentis,
626 249 676 292 quae
694 240 729 280 est

24 303 26 309 ¹
47 295 164 353 cogitatio,
180 299 256 345 varios
268 297 395 340 vindicandi
407 297 484 341 modos
495 296 623 353 exquirens,
637 298 661 340 et
671 297 729 339 iram

48 370 153 413 coquens,
176 371 220 413 qua
235 371 299 399 mens
316 357 479 412 quodammodo
495 356 632 399 intumescit.
650 357 729 400 Tertia

48 420 91 475 est,
104 430 193 472 rancor,
212 430 262 472 quae
277 419 312 459 est
326 415 415 459 aversio
430 430 588 472 perseveram,
601 429 640 459 seu
652 417 726 459 retus.
779 454 781 457 .

48 477 83 519 Ex
94 476 129 519 ira
145 477 213 521 ethis
225 478 348 532 sequuntur
359 475 405 519 alia
420 479 513 532 peccata
523 478 625 529 externa,
638 478 664 519 ut
675 489 730 519 con·
758 482 760 484 ’

48 537 150 589 tumelia,
163 549 206 590 qua
217 536 267 590 quis
276 536 374 577 alterum
384 536 552 587 dehonorabo
566 549 601 590 gr.
613 536 636 577 in
648 535 729 577 faciem

49 594 134 649 aliquid
152 608 202 639 cum
217 594 271 649 ejus.
282 594 460 637 dehonoratione
479 594 515 638 illi
533 594 667 651 objiciendo,
690 599 730 639 aut

49 653 117 697 eliani
126 654 223 698 absentis
230 654 319 697 litteras
327 654 662 708 lacerando,velcomburendo.
672 654 729 698 ltem

25 755 27 760 .
49 715 168 769 calumnia,
180 728 223 770 qua
233 714 282 770 quis
294 714 360 769 alteri
374 715 458 758 falsum
467 715 561 770 crimen,
570 715 607 758 vel
618 714 729 759 defectum
757 766 758 769 Ἰ

48 775 151 830 imponit.
169 774 226 817 ltem
244 775 328 826 irrisio,
344 774 428 825 illusio,
442 774 596 827 subsannatiO,
611 775 637 816 de
650 775 729 830 quibus

45 835 129 891 supra,
143 833 238 889 denique
248 833 385 887 maledictm,
399 837 422 877 et
432 833 580 889 blasphemia.
598 834 729 878 hlaledietio

50 897 85 937 est
94 893 143 936 dira
152 893 306 949 impraedatio,
320 907 363 949 qua
375 892 424 949 quis
440 892 507 936 alteri
519 895 582 950 optat
593 893 677 936 malurn
689 895 729 937 sub

49 950 137 997 ratione
154 953 216 996 mali.
229 953 375 1009 Blasphemia
393 956 428 995 est
443 953 576 1006 convitium,
593 953 630 996 vel
649 956 730 997 contu-

49 1013 117 1057 melia
130 1013 152 1055 in
160 1014 240 1066 Deum,
252 1017 284 1063 ut,
296 1012 315 1054 si
327 1013 376 1068 quis
387 1013 434 1055 Deo
443 1012 529 1055 tribuat
539 1012 605 1066 falsa,
616 1013 653 1055 vel
663 1018 730 1069 neget

49 1085 113 1125 vera,
133 1072 171 1115 uel
188 1073 274 1115 tribuat
290 1072 409 1125 creaturis,
429 1085 479 1127 quae
493 1073 540 1114 Deo
556 1073 674 1126 debentur,
693 1074 730 1116 vel

51 1131 119 1176 etiam
129 1131 189 1176 dicat
200 1146 264 1184 uera,
275 1145 325 1187 quae
336 1131 364 1174 ad
373 1132 422 1187 ejus
432 1132 639 1187 dehonorationem,
650 1133 687 1175 vel
696 1134 730 1175 vi-

50 1191 197 1248 lipensionem
208 1191 311 1245 tendunt,
324 1206 347 1234 v.
356 1205 390 1247 gr.
401 1205 441 1246 per
451 1193 541 1234 modum
551 1191 571 1233 ei
579 1192 729 1249 indignantis,

51 1251 223 1304 contemnentis,
249 1252 286 1294 vel
313 1251 582 1309 expostulantiscontra
604 1265 664 1304 euni,
693 1253 731 1295 vel

51 1317 145 1368 usurpet
166 1311 244 1365 verba,
257 1323 308 1367 quae
325 1311 395 1354 hicet
411 1324 467 1353 nunc
482 1310 605 1363 continent,
621 1311 659 1354 vel
669 1312 731 1367 judi-

51 1375 131 1415 cantur
159 1371 274 1414 continere
303 1370 483 1413 imminutionem
514 1370 649 1414 reverentiae
676 1385 731 1427 erga

52 1434 132 1484 Deum,
142 1444 181 1474 seu
194 1429 366 1487 vilipensionem
377 1429 518 1472 excellentiae
530 1429 626 1484 Divinae,
640 1431 683 1474 etsi
694 1432 731 1476 di-

30 1513 33 1516 *
51 1494 113 1535 recte
128 1506 172 1533 non
183 1491 286 1533 intendat
296 1492 367 1533 Deum
379 1490 522 1533 inhonorare.

25 1580 27 1582 ψ
81 1549 119 1594 91.
127 1551 233 1606 -Resp
244 1549 285 1594 ΠΙ,
297 1549 322 1593 Si
331 1550 381 1605 quis
389 1563 413 1592 se
426 1553 514 1592 accuset
525 1549 552 1593 de
562 1549 729 1605 maledictione,

53 1624 92 1654 seu
103 1609 153 1652 dira
163 1610 325 1665 imprecatione
336 1609 399 1660 mali,
409 1608 447 1650 vel
457 1609 604 1664 blasphemia.
621 1610 643 1652 1.
653 1610 732 1653 Inter-

52 1672 155 1724 rogetur,
171 1669 251 1723 quibus
261 1668 338 1711 verbis
355 1667 385 1710 sit
395 1680 466 1710 usus:
484 1668 550 1712 rudes
565 1668 624 1711 eninu
636 1668 731 1712 confun-

54 1732 109 1774 dunt
119 1728 282 1784 blasphemiam
294 1742 344 1771 cum
352 1728 521 1783 imprecatione,
534 1730 557 1772 et
567 1729 625 1772 hanc
636 1743 686 1772 cum
695 1730 732 1786 J'u-

53 1791 156 1833 ramento
170 1800 175 1830 ι
188 1789 241 1841 imo,
259 1788 277 1830 si
289 1787 402 1830 diabolum
416 1788 589 1842 nominaverint,
608 1793 647 1832 aut
662 1788 731 1832 alium

50 1848 204 1904 'ignominioso
218 1848 307 1891 nomine
320 1846 513 1903 compellaverint,
525 1848 609 1902 dicunt,
623 1862 646 1892 se
658 1850 732 1893 malc-

54 1908 146 1953 dixisse.
166 1908 188 1951 2.
204 1908 226 1954 Si
249 1921 303 1949 vere
318 1908 453 1963 imprecatus
464 1908 542 1960 fuerit,
560 1912 666 1964 exponat,
680 1910 746 1965 qui-¹

1 2004 3 2007 .
53 1971 103 2021 bns,
122 1981 149 2010 an
166 1968 233 2012 rebus
251 1967 389 2021 inanimatis,
403 1981 431 2011 an
444 1966 570 2025 pecoribus,
588 1982 615 2011 an
632 1969 731 2012 homiui-

53 2026 111 2071 bus?
139 2027 187 2074 Quo
209 2026 298 2068 animo?
318 2027 353 2068 An
377 2026 487 2071 voluisset
513 2030 540 2071 ut
561 2027 678 2071 eveniretr
696 2030 732 2071 An

54 2090 76 2131 in
94 2086 184 2139 faeiem,
196 2097 224 2128 an
240 2098 316 2128 coram
330 2084 388 2140 aliis,
406 2100 434 2130 an
446 2085 532 2140 multis,
550 2100 578 2129 an
595 2085 649 2130 uni?
668 2088 693 2131 Si
704 2102 733 2132 ex

54 2146 141 2203 animo3
155 2159 204 2202 quae
216 2143 292 2188 mala?
303 2145 432 2202 Quanquam
444 2148 486 2190 hoc
497 2160 587 2189 necesse
599 2161 642 2189 non
655 2147 693 2202 sit,
712 2148 742 2202 si¹

54 2209 76 2251 in
88 2206 148 2249 mala
157 2205 281 2250 tetenderit
290 2205 383 2262 praecise
394 2207 434 2250 sub
445 2207 534 2253 ratione
543 2208 656 2250 communi
667 2207 730 2264 mali,
