1577 2464
70 22 71 26 ¹
114 29 142 36 ”
210 17 532 89 ῬΑηειῃῖσΑΡυτινῡ
573 45 576 49 ·
659 35 714 84 141’

22 135 119 180 onerant
136 134 182 177 Deo
205 134 228 178 in
252 132 439 186 satisfactionem,
460 134 583 189 petantque
603 135 700 189 gratiam

22 194 155 239 emendandi
168 207 173 237 :
187 193 277 250 vesperi
288 194 378 236 easdem
389 206 468 250 preces
479 196 593 250 repetant,
603 193 702 251 doleant,

21 256 144 312 petantque
152 254 250 307 veniam,
260 253 352 296 dicento
364 265 386 297 v.
398 265 433 309 gr.
444 264 448 295 :
461 253 521 297 Deus
533 252 645 310 propitius
656 257 703 297 esto

22 314 79 358 mihi
90 315 174 358 misero
190 312 316 371 peccatori!
329 316 376 364 aut,
389 316 423 366 ut,
436 315 523 369 quoties
537 314 620 356 iterum
631 313 705 356 ntale-

22 373 129 428 dixerint,
143 374 179 416 vel
188 373 326 428 juraverint,
339 374 417 428 pectus
431 373 567 428 percutiant,
580 376 603 415 et
614 373 705 423 veniam

22 435 108 490 petant.
121 432 228 478 Monendi
243 435 319 488 tamen
338 435 397 486 sunt,
409 431 428 477 si
445 432 515 477 semel
532 431 703 484 obliviscantur,
749 448 751 451 ·

22 493 78 538 satis
98 507 156 546 csse,
173 493 191 536 si
211 495 290 549 postea
308 493 442 546 resarciant,
457 492 494 535 vel
514 495 667 549 compensent.
679 492 705 537 Si

21 554 72 608 quis
88 554 212 597 multorum
228 552 334 607 gravium
350 557 493 609 peccatorum
510 567 563 595 reus
579 559 648 605 esset,
664 565 704 596 nec

21 613 158 668 conveniens
169 612 214 656 alia
223 612 357 669 poenitentia
369 616 506 663 occurreret,
519 613 605 669 injungi
619 615 704 669 posset,

21 675 47 716 ut
56 685 97 729 per
108 685 216 726 mensem,
230 672 266 715 vel
276 673 303 715 ad
314 672 440 729 proximam
452 673 614 716 confessionem
627 673 705 717 diebus
768 682 770 686 ’

22 732 145 774 'Dominicis
157 735 180 775 et
198 732 262 780 festis
279 733 372 774 Sacrum
394 734 474 774 devote
490 734 571 774 offerat
580 735 627 775 Deo
637 731 670 789 (1)
681 732 705 774 in

22 790 201 835 satisfactionem
220 804 312 835 suorum
328 794 480 847 peccatorum,
491 792 615 847 iisdemque
627 792 705 835 diebus

22 850 144 894 Rosarium
156 851 216 894 dicat
226 851 248 894 in
261 851 338 904 Sacro,
351 850 388 893 vel
400 855 425 894 ut
435 851 535 895 libuerit.
546 851 608 896 Utile
618 864 704 907 quoque

22 910 76 965 erit,
89 911 217 967 praesertim
237 910 255 954 si
273 910 322 966 quis
336 910 456 955 timeretur
468 911 567 955 dolorem
588 915 611 954 et
621 924 706 968 propo*

23 971 93 1014 situm
107 971 185 1013 efficax
196 984 239 1013 non
255 971 347 1024 habere,
360 971 478 1026 injungere
498 975 524 1014 ut
535 973 587 1014 ante
598 972 706 1015 Commu-

23 1044 35 1071 n
48 1043 112 1072 onem
122 1030 199 1072 eliciat
207 1031 283 1083 fidem,
294 1043 366 1086 spem,
379 1034 401 1073 ct
413 1031 547 1073 charitatem
560 1044 610 1073 cum
619 1032 703 1082 dolore,

22 1089 59 1132 vel
71 1090 152 1134 saltem
172 1089 331 1134 contritionem
348 1103 398 1133 cum
417 1090 540 1146 proposito,
554 1091 639 1146 hocque
656 1094 706 1146 post
741 1129 743 1131 .

22 1151 202 1193 communionem
213 1154 317 1204 renovet,
331 1153 354 1193 et
365 1150 455 1194 Christo
465 1151 641 1194 confirmandum
654 1152 706 1193 offe-

21 1213 58 1252 rat
72 1221 77 1252 :
90 1210 124 1253 sic
135 1210 194 1251 enim
205 1210 335 1252 consuletur
345 1210 481 1253 reverentiae
493 1214 517 1253 et
526 1210 609 1253 fructui
623 1211 706 1253 Sacra-

21 1269 101 1324 menti,
112 1271 184 1326 quoad
195 1270 287 1325 poterit.
302 1269 433 1313 Universim
452 1269 540 1313 utiliter
552 1271 667 1323 suadetur,
679 1273 705 1313 ut

23 1329 116 1384 quisque
125 1332 212 1372 statuat
225 1332 311 1371 certum
323 1332 440 1384 peecatum
450 1330 561 1385 singulari
577 1330 651 1376 studio
667 1343 707 1373 ca-

23 1400 85 1442 vere,
98 1392 121 1432 et
135 1389 177 1431 hoc
193 1389 337 1445 propositum
350 1388 441 1434 Christo
459 1389 706 1446 postcommunionem

22 1460 60 1490 eos
71 1447 194 1504 dirigendi,
205 1448 293 1492 offerat.

289 1655 388 1700 OAPUT
399 1655 440 1700 lv.

22 1774 57 1820 Dc
69 1773 212 1831 Coascseurio
234 1772 372 1832 Cotuatum,
385 1774 522 1830 Parentum,
535 1774 636 1821 Putrem
652 1764 709 1821 Mc-

208 1836 313 1890 trurupuc
325 1834 439 1889 fertilitas.

54 1958 222 2007 confessarium
243 1961 332 2016 oportet
358 1959 416 2004 scire
442 1960 523 2005 horum
549 1960 708 2017 obligationes,

23 2018 82 2061 hona
99 2019 208 2075 specialia
226 2021 249 2063 et
264 2019 401 2074 communia,
415 2020 563 2075 tentationes,
574 2021 709 2077 modumque

24 2091 63 2122 eos
73 2077 194 2136 dirigendi,
207 2077 377 2124 ettentationes
385 2078 492 2125 elidendi.

48 2236 73 2286 tt]
83 2237 105 2274 V.
112 2247 166 2285 supra
175 2247 194 2275 n.
206 2236 236 2284 16,
245 2237 265 2275 5.
