1577 2464
268 63 369 106 00000000,
385 63 462 95 annun
476 63 527 96 vu
564 82 565 85 =
682 54 729 101 2ae

39 150 158 197 01011004.
174 150 240 194 Stare
258 153 375 193 contractu
393 163 444 192 eum
459 149 569 207 militibps
586 153 726 210 conscriptis.

47 209 221 266 Undeaepeccant
239 215 318 254 contra
328 209 452 264 justitiam,
465 213 494 253 et
504 213 610 255 tenentur
621 213 649 255 ad
660 216 729 258 resti-

49 271 162 312 tutionem
175 282 180 313 t
313 269 315 271 ’

36 326 38 335 ’
80 330 101 372 l.
115 330 138 373 81
151 343 191 373 sua
202 328 375 385 negligentiam
386 328 445 372 bello
452 328 515 385 justo
526 330 667 386 permittant
672 345 729 387 prae·

40 390 125 433 001000
142 390 242 444 hostem,
255 389 274 431 si
290 402 333 432 nen
352 389 451 432 habeant
463 390 599 446 completum
611 405 730 443 numerum
772 410 774 414 ⁴

48 450 155 501 militum,
168 463 208 506 pro
227 450 307 503 quibus
321 450 457 506 stipendium
469 450 582 506 accipiunt
598 464 611 493 a
629 449 730 509 principe

48 514 163 563 taxatum,
183 509 201 552 si
219 509 295 565 plures
314 509 434 566 putatitics
452 510 536 554 milites
556 510 579 553 in
596 511 730 556 lustratione

48 573 183 626 supponant,
196 583 263 624 quam
284 570 404 625 permittat
418 571 554 614 consuetudo
571 573 594 614 et
609 585 731 617 cousensus

47 629 167 686 principis:
185 628 251 684 idque
270 643 349 672 verum
368 632 410 685 est,
431 630 534 684 quamvis
550 630 572 673 id
590 630 691 675 facerent
702 633 731 676 ad

20 728 23 732 ,
48 691 238 747 compensandum
255 690 391 746 stipendium
408 691 470 746 prius
485 691 527 733 sibi
549 691 665 735 debitum:
681 696 730 736 tum

2 792 5 794 ,
48 750 103 805 quia
122 749 275 804 compensatio
297 750 347 791 fieri
369 764 411 791 non
434 753 509 804 potest
526 750 588 793 licite
607 751 687 794 fraude
707 755 731 796 et

16 812 20 820 *
48 810 147 859 fallacia,
157 814 205 853 tum
216 809 301 864 quiaid
315 811 394 853 cedere
409 812 482 865 potest
496 810 519 852 in
536 823 606 865 grave
623 812 730 855 damnum

48 870 197 925 Reipublicae,
208 870 227 910 si
240 868 352 925 princeps,
364 873 445 924 putans
453 883 479 921 vse
494 870 577 912 habere
588 873 622 913 tot
634 872 728 926 milites,

48 944 91 972 non
104 929 230 972 conscribat
240 928 324 984 plures,
337 929 374 971 vel
384 930 411 971 ad
423 932 498 973 castra
510 930 595 983 mittat,
606 931 670 974 hoste
679 931 740 987 jam,

49 990 172 1046 superiore.
181 990 230 1034 Hoc
240 1003 302 1043 casu,
314 989 333 1034 01
341 989 427 1033 nullum
436 989 541 1033 damnum
554 994 695 1046 sequeretur,
706 995 742 1037 et‘

48 1051 149 1094 officialis
168 1052 217 1108 plus
234 1065 277 1093 non
292 1050 412 1106 acciperet,
425 1064 492 1106 quam
504 1051 545 1094 sibi
567 1051 643 1094 deberi
656 1052 727 1107 novit,

48 1125 93 1156 nen
104 1115 222 1156 teneretur
231 1111 259 1155 ad
270 1111 446 1154 restitutionem.
749 1143 752 1146 ,

77 1170 101 1213 2.
130 1171 154 1214 81
172 1171 256 1213 milites
276 1169 507 1228 infirmos,des'erant;
520 1169 540 1212 si
551 1172 638 1225 potum,
648 1170 686 1213 vel
694 1171 730 1214 ei·

47 1229 102 1275 bum
123 1233 263 1287 corruptum,
275 1229 311 1272 vel
323 1228 473 1284 periculosum
487 1229 603 1284 praebeant
611 1244 617 1286 3
626 1231 645 1273 si
657 1231 729 1273 asur-

47 1290 88 1342 us,
99 1289 194 1345 rapinis,
202 1290 357 1344 blasphemiis,
369 1293 412 1332 etc.
425 1303 468 1331 non
480 1290 607 1343 cohibeant,
620 1295 730 1345 quantum

48 1354 155 1407 possunt3
173 1349 191 1392 si
212 1347 262 1392 non'
273 1352 361 1403 curent,
377 1350 402 1391 ut
415 1348 536 1392 observent
550 1352 665 1407 praecepta
678 1350 730 1393 DEI

49 1413 73 1455 et
83 1409 198 1463 Ecclesiae,
212 1410 284 1466 quoad
296 1409 346 1453 lieri
357 1412 439 1466 potest.

79 1470 102 1513 3.
122 1471 147 1513 81
163 1483 234 1525 pagos
257 1470 344 1525 aliquos
363 1469 445 1524 maj0ri
465 1482 531 1524 quam
553 1482 594 1525 par
612 1472 647 1512 001
666 1469 730 1513 mili·
772 1519 775 1526 Χ

49 1531 99 1575 tum
114 1530 179 1585 copia
193 1533 302 1586 gravent3
315 1529 358 1573 sia
374 1528 471 1586 privatis
487 1527 597 1583 domibus,
610 1529 648 1572 vel
664 1530 730 1586 pagis

48 1590 297 1650 pecuniamaccipiant,
310 1604 338 1633 ne
349 1603 375 1632 00
391 1588 475 1634 milites
486 1590 610 1645 imponant,
624 1589 661 1646 qui
679 1589 730 1633 ideo
779 1585 782 1593 ’

6 1681 8 1684 -
50 1655 78 1698 ad
88 1649 144 1693 alios
156 1650 278 1695 mittantur
291 1663 295 1692 :
309 1650 328 1694 si
340 1650 393 1707 quid
403 1649 515 1707 accipiant
532 1651 559 1693 ad
577 1650 731 1705 impediendas

49 1710 182 1758 vexationes
201 1711 307 1763 militum,
320 1712 373 1764 quia
389 1724 417 1753 ex
430 1709 521 1766 justitia
536 1712 559 1752 et
574 1711 645 1752 officio
664 1710 692 1753 ad
708 1710 732 1753 id

17 1771 25 1779 ⁸
48 1772 157 1819 tenentur
167 1784 171 1814 :
180 1771 199 1813 01
208 1770 246 1813 uni
254 1769 320 1812 militi
329 1770 382 1813 dent
389 1769 455 1827 plura
462 1768 613 1826 chirographa
621 1769 649 1813 ad
655 1770 732 1826 plures

50 1833 129 1876 domos
141 1831 187 1889 (l),
203 1831 222 1873 si
241 1830 385 1872 dissimulent
399 1843 443 1885 qua
460 1829 588 1878 0100011001
606 1830 733 1873 exercitum

50 1893 141 1946 ducere,
150 1896 174 1934 et
186 1890 217 1933 sic
227 1891 254 1933 ab
267 1889 302 1932 his
317 1888 392 1932 illisve
400 1890 481 1932 ineolis
492 1889 610 1945 pecuniam
621 1889 733 1947 accipiant

51 1953 80 1998 ad
89 1951 236 1997 avertendum
248 1948 382 2003 transitum3
395 1949 448 2006 quia
459 1950 490 1994 sic
505 1949 561 1993 alios
573 1954 734 2006 gravantem-

50 2014 119 2070 plius,
136 2026 203 2068 quam
221 2013 254 2054 eis
273 2024 402 2053 cencessum
425 2011 472 2053 sit:
493 2011 511 2053 si
523 2015 609 2053 temere
629 2011 732 2066 praelium

51 2074 137 2126 ineant,
149 2071 187 2114 vel
199 2070 295 2114 militum
308 2068 377 2112 vitam
390 2074 512 2126 exponant.
580 2091 581 2094 ¹

82 2136 104 2177 4.
118 2133 143 2176 81
161 2132 193 2185 vi,
206 2131 293 2183 fraude,
308 2130 344 2172 vel
360 2130 411 2173 dolo
429 2130 514 2174 milites
530 2129 681 2183 conscribant,
694 2131 734 2173 aut

57 2278 60 2281 ⁴
77 2262 100 2310 11)
110 2262 162 2299 (11.8.
173 2263 225 2307 Alph.
235 2263 254 2306 l,
263 2261 304 2297 lut.
