1577 2464
58 124 106 171 330
141 127 372 171 nno-cunrnssemns
388 138 499 171 Pandaron
515 137 655 171 Insrnuerus

61 226 152 283 quendi.
167 224 190 269 9.
211 226 275 282 ilum,
289 228 377 284 qnando
395 227 517 271 creditores
533 227 585 270 sunt
606 225 696 283 incerti,
708 225 740 273 sn
781 266 782 269 ,

60 287 160 331 debiturn
182 287 338 342 elargiendam
359 288 502 344 pauperihus,
523 288 652 342 suadeatur,
668 291 702 341 ut,
720 287 740 331 si

60 346 149 391 debitor
158 346 188 390 sit
198 346 425 402 fortunaetenuioris,
435 347 516 391 eumin
526 346 592 390 tinem
601 346 671 392 faciat
682 349 740 392 elec·

60 420 180 464 mosynam
198 409 267 452 etiam
289 410 345 452 alias
358 408 407 452 dari
423 409 509 451 solitas.
520 407 651 451 Universim
670 410 740 452 etiam

61 467 152 512 suaderi
164 472 247 524 potest,
259 472 283 512 ut
297 469 380 512 misero
398 468 494 513 debitori
505 469 650 521 tantumdem,
662 470 747 512 remit·

60 530 125 572 tatur
143 541 156 569 a
174 529 271 571 dominc.
285 528 321 571 10.
342 529 366 570 Si
386 528 474 570 debitor
485 528 552 580 dicat,
566 541 589 569 se
612 541 654 569 non
674 541 740 583 posse

62 587 193 640 restituere,
204 601 247 629 ncn
258 588 364 629 credatur
375 587 417 638 illi,
431 588 473 630 nisi
486 588 509 629 id
520 586 639 629 efficaciter
650 588 738 642 probet,

11 669 13 672 v
62 661 104 691 nea
111 646 249 700 absolvatur,
258 646 300 690 nisi
309 646 428 703 promittat
435 660 466 700 se,
473 647 637 704 quamprimum
646 646 739 703 poterit,

62 708 239 751 satisfacturum.
252 707 282 748 ll.
296 708 321 749 Si
332 707 443 761 peenitens
454 708 534 749 debeat
546 708 612 761 alteri
623 721 651 749 ex
662 710 741 750 contra

61 769 108 822 ctu,
126 770 149 810 et
164 766 298 809 solutionem
313 766 411 820 differat,
425 769 546 823 spectanda
561 768 705 823 consuetudo,
718 769 741 811 et

61 828 157 870 intentio
172 827 371 869 contrahentium:
389 840 441 869 narn
458 829 593 870 consuetudo
610 829 685 882 habet,
706 831 739 882 ut,

61 899 112 942 quae
133 887 262 942 praestanda
283 886 414 941 quotannis,
431 886 622 929 differridintins
640 888 739 944 possint,
767 886 775 895 “

62 958 229 1002 quamqueeex
248 946 298 990 aliis
318 945 470 989 contractibus
489 949 542 990 sunt
561 946 644 1006 debita.
664 948 742 996 Quan-

62 1019 129 1062 quam
141 1009 164 1049 et
175 1005 253 1049 dilatio
268 1005 386 1049 solutionis
400 1005 424 1048 in
435 1005 494 1063 aliis,
507 1005 527 1048 si
544 1004 584 1048 fiat
601 1005 649 1049 sine
660 1006 742 1050 damno

62 1065 189 1121 creditoris,
201 1065 304 1110 excusari
315 1066 387 1123 possit
398 1079 411 1108 a
422 1066 522 1109 mortali.

92 1127 144 1171 235.
157 1150 188 1158 -
201 1127 309 1182 AEgrum,
322 1126 443 1169 restituere
461 1126 594 1181 obligatum,
607 1126 742 1182 adigendum

38 1201 40 1204 ·
62 1189 139 1230 esseut
146 1186 241 1230 invivis
252 1186 300 1243 ipse
311 1186 430 1239 restituat,
436 1185 482 1229 dixi
494 1199 570 1243 supra,
583 1187 623 1230 snb
635 1200 673 1229 nu.
686 1186 741 1232 211¹.

62 1247 148 1297 Quibus
162 1248 217 1290 adde
231 1260 235 1290 :
250 1249 323 1291 sinon
340 1247 445 1303 expediat
461 1247 483 1289 in
495 1249 631 1290 testamento
646 1248 743 1290 restitn-

62 1307 131 1349 tionis
142 1307 279 1348 mentionem
288 1307 346 1359 fieri,
358 1306 486 1348 codicillum
495 1307 645 1360 adjiciatque
652 1305 742 1361 jubeat,

63 1369 88 1410 nt
97 1366 202 1410 haeredes
211 1366 264 1410 dent
273 1378 384 1409 summam
395 1364 458 1408 illam
470 1364 620 1418 Confessario,
629 1365 666 1408 uel
676 1365 743 1408 alteri

37 1473 39 1475 ,
63 1427 136 1469 amico
147 1428 268 1469 secundnm
281 1426 421 1469 voluntatem
433 1425 489 1480 aegri
501 1426 680 1480 expendend-am3
694 1428 741 1479 aut,

62 1485 83 1531 si
103 1486 215 1531 Notarius
232 1487 347 1529 commode
368 1485 446 1528 haberi
467 1499 510 1527 non
529 1485 608 1540 possit,
619 1484 743 1541 capitulum

63 1547 139 1597 addat,
150 1561 193 1602 qno
205 1547 273 1600 dicat,
286 1561 310 1589 se
326 1546 349 1589 in
360 1545 463 1588 manibus
475 1544 618 1599 confessarii,
628 1545 666 1588 vel
676 1545 744 1588 amici

26 1614 28 1617 ’
64 1607 169 1651 schedam
182 1606 308 1661 reliquisse,
322 1619 366 1661 qna
377 1604 510 1655 declaravit,
521 1605 573 1660 quid
584 1605 635 1660 post
646 1607 743 1649 mortem

64 1681 127 1711 suano
140 1666 189 1710 fieri
201 1667 266 1719 velit,
280 1679 390 1721 quamque
400 1665 492 1720 perinde
503 1665 601 1708 validam
617 1679 665 1708 esse
676 1665 742 1720 uelit,

34 1742 37 1745 ·
65 1738 91 1768 ac
103 1727 122 1768 si
137 1729 274 1768 testamento
291 1725 372 1767 fuisset
382 1724 475 1766 inserta.
489 1724 513 1767 Si
525 1737 595 1778 grave
607 1724 627 1766 ei
639 1724 744 1767 videatur

65 1785 194 1837 extimare,
206 1799 233 1826 ne
245 1784 311 1828 liberi
325 1784 418 1826 honeste
428 1783 477 1826 dein
489 1783 567 1826 vivere
586 1798 628 1826 non
646 1784 742 1839 possint,

66 1852 191 1901 exponatur
208 1845 243 1888 illi
261 1844 383 1888 necessitas
397 1843 539 1897 restituendi,
556 1844 647 1898 jactura
664 1843 744 1888 salutis

65 1909 128 1950 certo
139 1905 223 1959 futura,
236 1908 259 1947 et
270 1908 348 1949 utatur
361 1904 462 1961 exemplo
474 1904 563 1959 medici,
576 1903 614 1959 qui
625 1917 639 1947 a
649 1904 745 1948 Gentes-

66 1965 127 2010 sario
144 1978 263 2020 persuasus
274 1964 332 2007 dixit
345 1964 441 2019 infirmo,
454 1979 497 2007 non
513 1978 562 2007 esse
578 1977 640 2019 spem
656 1964 745 2009 sanita-

16 2070 18 2075 ,
66 2026 105 2078 tis,
118 2023 162 2066 nisi
183 2023 282 2077 periculo
304 2024 429 2078 eriperetur
451 2024 516 2079 adipe
538 2037 566 2064 ex
584 2036 627 2065 uno
646 2023 745 2066 filiorum

66 2096 168 2130 sucrum.
184 2084 214 2126 llt
230 2083 344 2126 advocatis
355 2082 408 2127 filiis
426 2086 501 2127 autem
518 2082 591 2126 nullus
609 2083 687 2127 voluit·
697 2086 746 2128 tam

67 2147 105 2189 diu
120 2148 200 2188 tenero
214 2143 310 2197 ‘digitum
326 2143 348 2186 in
366 2157 459 2187 accensa
473 2143 574 2196 candela,
588 2150 614 2186 nt
630 2143 668 2186 uel
679 2147 745 2199 gutta

65 2207 183 2252 deflueret.
198 2202 254 2255 Hoc,
270 2202 369 2258 inquam,
382 2203 484 2260 exemplo
496 2205 574 2246 utatur
585 2202 660 2246 dicens
671 2214 676 2246 :
688 2203 747 2252 Quid

68 2262 202 2307 existimas?
221 2263 258 2305 An
275 2266 364 2307 teneres
381 2263 477 2319 digitum
499 2276 539 2319 per
554 2263 702 2318 quadrantem
722 2262 747 2306 in

69 2336 162 2369 aceensa
181 2321 275 2368 candela
294 2335 334 2379 pro
356 2323 506 2380 prosperitate
527 2322 634 2379 liliorum,
647 2335 676 2367 an
696 2322 747 2380 quis
