<?xml version="1.0" encoding="UTF-8"?>
<!DOCTYPE html PUBLIC "-//W3C//DTD XHTML 1.0 Transitional//EN"
    "http://www.w3.org/TR/xhtml1/DTD/xhtml1-transitional.dtd">
<html xmlns="http://www.w3.org/1999/xhtml" xml:lang="en" lang="en">
 <head>
  <title>
</title>
<meta http-equiv="Content-Type" content="text/html;charset=utf-8" />
  <meta name='ocr-system' content='tesseract 3.04.00' />
  <meta name='ocr-capabilities' content='ocr_page ocr_carea ocr_par ocr_line ocrx_word'/>
</head>
<body>
  <div class='ocr_page' id='page_1' title='image "MN5128ucmf_0_0260.png"; bbox 0 0 1577 2464; ppageno 0'>
   <div class='ocr_carea' id='block_1_1' title="bbox 43 106 642 157">
    <p class='ocr_par' dir='ltr' id='par_1_1' title="bbox 43 106 642 157">
     <span class='ocr_line' id='line_1_1' title="bbox 43 106 642 157; baseline 0.003 -5"><span class='ocrx_word' id='word_1_1' title='bbox 43 106 89 153; x_wconf 84' lang='lat'>230</span> <span class='ocrx_word' id='word_1_2' title='bbox 126 122 359 157; x_wconf 75' lang='lat' dir='ltr'>ruo-conrnsmnrus</span> <span class='ocrx_word' id='word_1_3' title='bbox 375 106 486 156; x_wconf 76' lang='lat' dir='ltr'>rnncrrcn</span> <span class='ocrx_word' id='word_1_4' title='bbox 502 122 642 154; x_wconf 79' lang='lat' dir='ltr'>rnsrauorus</span> 
     </span>
    </p>
   </div>
   <div class='ocr_carea' id='block_1_2' title="bbox 8 208 757 2366">
    <p class='ocr_par' dir='ltr' id='par_1_2' title="bbox 9 208 727 674">
     <span class='ocr_line' id='line_1_2' title="bbox 69 208 726 266; baseline 0.005 -14"><span class='ocrx_word' id='word_1_5' title='bbox 69 208 95 257; x_wconf 75' lang='grc'>,4.</span> <span class='ocrx_word' id='word_1_6' title='bbox 109 208 203 253; x_wconf 84' lang='lat' dir='ltr'>Occasio</span> <span class='ocrx_word' id='word_1_7' title='bbox 218 211 322 266; x_wconf 77' lang='lat' dir='ltr'>proxima</span> <span class='ocrx_word' id='word_1_8' title='bbox 333 211 377 255; x_wconf 86' lang='lat' dir='ltr'>alia</span> <span class='ocrx_word' id='word_1_9' title='bbox 395 213 430 255; x_wconf 86' lang='lat' dir='ltr'>est</span> <span class='ocrx_word' id='word_1_10' title='bbox 443 210 578 266; x_wconf 85' lang='lat' dir='ltr'>interrupta,</span> <span class='ocrx_word' id='word_1_11' title='bbox 596 208 619 252; x_wconf 93' lang='lat' dir='ltr'>in</span> <span class='ocrx_word' id='word_1_12' title='bbox 630 223 674 266; x_wconf 89' lang='lat' dir='ltr'>qua</span> <span class='ocrx_word' id='word_1_13' title='bbox 685 222 726 254; x_wconf 83' lang='lat' dir='ltr'>so·</span> 
     </span>
     <span class='ocr_line' id='line_1_3' title="bbox 44 268 724 328; baseline 0.004 -17"><span class='ocrx_word' id='word_1_14' title='bbox 44 268 89 312; x_wconf 89' lang='lat' dir='ltr'>lum</span> <span class='ocrx_word' id='word_1_15' title='bbox 102 271 152 326; x_wconf 81' lang='lat' dir='ltr'>quis</span> <span class='ocrx_word' id='word_1_16' title='bbox 161 284 202 328; x_wconf 87' lang='lat' dir='ltr'>per</span> <span class='ocrx_word' id='word_1_17' title='bbox 213 272 335 316; x_wconf 83' lang='lat' dir='ltr'>intervalla</span> <span class='ocrx_word' id='word_1_18' title='bbox 346 274 460 325; x_wconf 82' lang='lat' dir='ltr'>versatur,</span> <span class='ocrx_word' id='word_1_19' title='bbox 473 275 497 315; x_wconf 92' lang='lat' dir='ltr'>ut</span> <span class='ocrx_word' id='word_1_20' title='bbox 506 269 657 325; x_wconf 67' lang='lat' dir='ltr'><strong>frequentatio</strong></span> <span class='ocrx_word' id='word_1_21' title='bbox 668 271 724 314; x_wconf 59' lang='lat' dir='ltr'>cho*</span> 
     </span>
     <span class='ocr_line' id='line_1_4' title="bbox 44 330 725 388; baseline 0.004 -16"><span class='ocrx_word' id='word_1_22' title='bbox 44 342 145 385; x_wconf 85' lang='lat' dir='ltr'>rearum,</span> <span class='ocrx_word' id='word_1_23' title='bbox 164 332 274 385; x_wconf 82' lang='lat' dir='ltr'>tabernae,</span> <span class='ocrx_word' id='word_1_24' title='bbox 290 332 428 388; x_wconf 81' lang='lat' dir='ltr'>puellarum3</span> <span class='ocrx_word' id='word_1_25' title='bbox 447 332 491 375; x_wconf 88' lang='lat' dir='ltr'>alia</span> <span class='ocrx_word' id='word_1_26' title='bbox 506 330 619 385; x_wconf 89' lang='lat' dir='ltr'>continua,</span> <span class='ocrx_word' id='word_1_27' title='bbox 636 330 725 387; x_wconf 87' lang='lat' dir='ltr'>inqua</span> 
     </span>
     <span class='ocr_line' id='line_1_5' title="bbox 45 389 724 448; baseline 0.006 -17"><span class='ocrx_word' id='word_1_28' title='bbox 45 389 96 446; x_wconf 88' lang='lat' dir='ltr'>quis</span> <span class='ocrx_word' id='word_1_29' title='bbox 111 405 200 448; x_wconf 77' lang='lat' dir='ltr'>semper</span> <span class='ocrx_word' id='word_1_30' title='bbox 211 396 317 434; x_wconf 81' lang='lat' dir='ltr'>versatur</span> <span class='ocrx_word' id='word_1_31' title='bbox 332 393 379 435; x_wconf 92' lang='lat' dir='ltr'>sine</span> <span class='ocrx_word' id='word_1_32' title='bbox 395 390 567 447; x_wconf 81' lang='lat' dir='ltr'>interruptione,</span> <span class='ocrx_word' id='word_1_33' title='bbox 585 394 610 433; x_wconf 84' lang='lat' dir='ltr'>ut</span> <span class='ocrx_word' id='word_1_34' title='bbox 626 391 724 435; x_wconf 88' lang='lat' dir='ltr'>retentio</span> 
     </span>
     <span class='ocr_line' id='line_1_6' title="bbox 9 450 725 508; baseline 0.003 -16"><span class='ocrx_word' id='word_1_35' title='bbox 9 470 12 482; x_wconf 59' lang='lat'>2</span> <span class='ocrx_word' id='word_1_36' title='bbox 45 450 126 504; x_wconf 84' lang='lat' dir='ltr'>alienae</span> <span class='ocrx_word' id='word_1_37' title='bbox 136 451 244 508; x_wconf 86' lang='lat' dir='ltr'>pecuniae,</span> <span class='ocrx_word' id='word_1_38' title='bbox 258 452 359 495; x_wconf 86' lang='lat' dir='ltr'>beneficii</span> <span class='ocrx_word' id='word_1_39' title='bbox 371 452 490 495; x_wconf 76' lang='lat' dir='ltr'>simoniace</span> <span class='ocrx_word' id='word_1_40' title='bbox 507 450 601 508; x_wconf 82' lang='lat' dir='ltr'>accepti,</span> <span class='ocrx_word' id='word_1_41' title='bbox 612 450 725 496; x_wconf 85' lang='lat' dir='ltr'>habitatio</span> 
     </span>
     <span class='ocr_line' id='line_1_7' title="bbox 45 512 726 568; baseline 0.004 -15"><span class='ocrx_word' id='word_1_42' title='bbox 45 524 97 553; x_wconf 87' lang='lat' dir='ltr'>cum</span> <span class='ocrx_word' id='word_1_43' title='bbox 114 512 245 566; x_wconf 81' lang='lat' dir='ltr'>concubina,</span> <span class='ocrx_word' id='word_1_44' title='bbox 261 526 311 567; x_wconf 79' lang='lat' dir='ltr'>quae</span> <span class='ocrx_word' id='word_1_45' title='bbox 324 527 367 555; x_wconf 88' lang='lat' dir='ltr'>non</span> <span class='ocrx_word' id='word_1_46' title='bbox 385 517 438 556; x_wconf 85' lang='lat' dir='ltr'>sunt</span> <span class='ocrx_word' id='word_1_47' title='bbox 452 515 568 568; x_wconf 87' lang='lat' dir='ltr'>peccatum</span> <span class='ocrx_word' id='word_1_48' title='bbox 584 512 674 567; x_wconf 87' lang='lat' dir='ltr'>quidem</span> <span class='ocrx_word' id='word_1_49' title='bbox 686 524 726 556; x_wconf 69' lang='lat' dir='ltr'>ac—v</span> 
     </span>
     <span class='ocr_line' id='line_1_8' title="bbox 45 570 727 625; baseline 0 -11"><span class='ocrx_word' id='word_1_50' title='bbox 45 571 117 625; x_wconf 81' lang='lat' dir='ltr'>tuale,</span> <span class='ocrx_word' id='word_1_51' title='bbox 129 572 266 616; x_wconf 79' lang='lat' dir='ltr'>sunttamen</span> <span class='ocrx_word' id='word_1_52' title='bbox 278 571 405 616; x_wconf 80' lang='lat' dir='ltr'>occasiones</span> <span class='ocrx_word' id='word_1_53' title='bbox 417 586 477 625; x_wconf 76' lang='lat' dir='ltr'>saepe</span> <span class='ocrx_word' id='word_1_54' title='bbox 488 570 611 615; x_wconf 89' lang='lat' dir='ltr'>renovandi</span> <span class='ocrx_word' id='word_1_55' title='bbox 620 571 727 615; x_wconf 88' lang='lat' dir='ltr'>volunta·-</span> 
     </span>
     <span class='ocr_line' id='line_1_9' title="bbox 45 631 226 674; baseline 0.006 -2"><span class='ocrx_word' id='word_1_56' title='bbox 45 633 92 673; x_wconf 89' lang='lat' dir='ltr'>tem</span> <span class='ocrx_word' id='word_1_57' title='bbox 105 631 226 674; x_wconf 88' lang='lat' dir='ltr'>retinendi.</span> 
     </span>
    </p>

    <p class='ocr_par' dir='ltr' id='par_1_3' title="bbox 8 689 757 2124">
     <span class='ocr_line' id='line_1_10' title="bbox 76 689 726 748; baseline 0 -14"><span class='ocrx_word' id='word_1_58' title='bbox 76 689 97 734; x_wconf 88' lang='lat'>5.</span> <span class='ocrx_word' id='word_1_59' title='bbox 110 690 203 735; x_wconf 78' lang='lat' dir='ltr'>Occasio</span> <span class='ocrx_word' id='word_1_60' title='bbox 211 691 314 746; x_wconf 79' lang='lat' dir='ltr'>proxima</span> <span class='ocrx_word' id='word_1_61' title='bbox 326 690 371 735; x_wconf 89' lang='lat' dir='ltr'>alia</span> <span class='ocrx_word' id='word_1_62' title='bbox 381 694 416 736; x_wconf 89' lang='lat' dir='ltr'>est</span> <span class='ocrx_word' id='word_1_63' title='bbox 425 691 562 745; x_wconf 83' lang='lat' dir='ltr'>voluntaria,</span> <span class='ocrx_word' id='word_1_64' title='bbox 572 705 622 748; x_wconf 88' lang='lat' dir='ltr'>quae</span> <span class='ocrx_word' id='word_1_65' title='bbox 632 689 726 748; x_wconf 76' lang='lat' dir='ltr'>physice</span> 
     </span>
     <span class='ocr_line' id='line_1_11' title="bbox 8 751 726 808; baseline 0 -14"><span class='ocrx_word' id='word_1_66' title='bbox 8 775 10 777; x_wconf 59' lang='lat'>&gt;</span> <span class='ocrx_word' id='word_1_67' title='bbox 47 755 70 794; x_wconf 88' lang='lat' dir='ltr'>et</span> <span class='ocrx_word' id='word_1_68' title='bbox 83 751 208 802; x_wconf 71' lang='lat' dir='ltr'>moraliter,</span> <span class='ocrx_word' id='word_1_69' title='bbox 227 765 265 794; x_wconf 85' lang='lat' dir='ltr'>seu</span> <span class='ocrx_word' id='word_1_70' title='bbox 281 764 321 808; x_wconf 89' lang='lat' dir='ltr'>per</span> <span class='ocrx_word' id='word_1_71' title='bbox 338 751 399 794; x_wconf 92' lang='lat' dir='ltr'>vires</span> <span class='ocrx_word' id='word_1_72' title='bbox 416 756 510 805; x_wconf 88' lang='lat' dir='ltr'>naturae,</span> <span class='ocrx_word' id='word_1_73' title='bbox 527 756 550 795; x_wconf 82' lang='lat' dir='ltr'>et</span> <span class='ocrx_word' id='word_1_74' title='bbox 567 753 614 795; x_wconf 88' lang='lat' dir='ltr'>sine</span> <span class='ocrx_word' id='word_1_75' title='bbox 626 756 726 807; x_wconf 82' lang='lat' dir='ltr'>peccato,</span> 
     </span>
     <span class='ocr_line' id='line_1_12' title="bbox 46 810 726 867; baseline 0.004 -16"><span class='ocrx_word' id='word_1_76' title='bbox 46 810 157 867; x_wconf 85' lang='lat' dir='ltr'>gravique</span> <span class='ocrx_word' id='word_1_77' title='bbox 174 810 305 853; x_wconf 83' lang='lat' dir='ltr'>difficultate</span> <span class='ocrx_word' id='word_1_78' title='bbox 316 811 386 866; x_wconf 82' lang='lat' dir='ltr'>vitari</span> <span class='ocrx_word' id='word_1_79' title='bbox 399 813 474 867; x_wconf 88' lang='lat' dir='ltr'>potest</span> <span class='ocrx_word' id='word_1_80' title='bbox 487 825 492 854; x_wconf 79' lang='lat'>2</span> <span class='ocrx_word' id='word_1_81' title='bbox 509 812 553 853; x_wconf 89' lang='lat' dir='ltr'>alia</span> <span class='ocrx_word' id='word_1_82' title='bbox 564 811 726 865; x_wconf 86' lang='lat' dir='ltr'>involuntaria,</span> 
     </span>
     <span class='ocr_line' id='line_1_13' title="bbox 42 869 727 928; baseline 0.004 -17"><span class='ocrx_word' id='word_1_83' title='bbox 42 871 98 925; x_wconf 71' lang='lat' dir='ltr'>‘quae</span> <span class='ocrx_word' id='word_1_84' title='bbox 108 869 209 926; x_wconf 77' lang='lat' dir='ltr'>physice,</span> <span class='ocrx_word' id='word_1_85' title='bbox 220 870 258 913; x_wconf 82' lang='lat' dir='ltr'>vel</span> <span class='ocrx_word' id='word_1_86' title='bbox 269 870 387 913; x_wconf 75' lang='lat' dir='ltr'>moraliter</span> <span class='ocrx_word' id='word_1_87' title='bbox 397 869 467 913; x_wconf 82' lang='lat' dir='ltr'>vitari</span> <span class='ocrx_word' id='word_1_88' title='bbox 479 883 522 913; x_wconf 93' lang='lat' dir='ltr'>non</span> <span class='ocrx_word' id='word_1_89' title='bbox 535 873 617 926; x_wconf 85' lang='lat' dir='ltr'>potest.</span> <span class='ocrx_word' id='word_1_90' title='bbox 629 872 727 928; x_wconf 80' lang='lat' dir='ltr'>Physice</span> 
     </span>
     <span class='ocr_line' id='line_1_14' title="bbox 46 929 728 987; baseline 0.003 -15"><span class='ocrx_word' id='word_1_91' title='bbox 46 929 200 973; x_wconf 76' lang='lat' dir='ltr'>involuntaria</span> <span class='ocrx_word' id='word_1_92' title='bbox 216 930 306 984; x_wconf 86' lang='lat' dir='ltr'>dicitur,</span> <span class='ocrx_word' id='word_1_93' title='bbox 319 944 386 986; x_wconf 86' lang='lat' dir='ltr'>quam</span> <span class='ocrx_word' id='word_1_94' title='bbox 403 930 453 987; x_wconf 89' lang='lat' dir='ltr'>quis</span> <span class='ocrx_word' id='word_1_95' title='bbox 469 943 510 986; x_wconf 88' lang='lat' dir='ltr'>per</span> <span class='ocrx_word' id='word_1_96' title='bbox 521 931 582 983; x_wconf 85' lang='lat' dir='ltr'>vires</span> <span class='ocrx_word' id='word_1_97' title='bbox 595 932 682 974; x_wconf 84' lang='lat' dir='ltr'>naturae</span> <span class='ocrx_word' id='word_1_98' title='bbox 693 931 728 975; x_wconf 84' lang='lat' dir='ltr'>vi-</span> 
     </span>
     <span class='ocr_line' id='line_1_15' title="bbox 46 990 726 1046; baseline 0 -13"><span class='ocrx_word' id='word_1_99' title='bbox 46 992 96 1033; x_wconf 85' lang='lat' dir='ltr'>tare</span> <span class='ocrx_word' id='word_1_100' title='bbox 108 1004 151 1033; x_wconf 90' lang='lat' dir='ltr'>nou</span> <span class='ocrx_word' id='word_1_101' title='bbox 163 994 245 1045; x_wconf 86' lang='lat' dir='ltr'>potest.</span> <span class='ocrx_word' id='word_1_102' title='bbox 258 990 322 1035; x_wconf 86' lang='lat' dir='ltr'>Talis</span> <span class='ocrx_word' id='word_1_103' title='bbox 339 993 408 1044; x_wconf 83' lang='lat' dir='ltr'>esset,</span> <span class='ocrx_word' id='word_1_104' title='bbox 426 991 444 1034; x_wconf 86' lang='lat' dir='ltr'>si</span> <span class='ocrx_word' id='word_1_105' title='bbox 456 990 506 1046; x_wconf 88' lang='lat' dir='ltr'>quis</span> <span class='ocrx_word' id='word_1_106' title='bbox 518 990 660 1035; x_wconf 88' lang='lat' dir='ltr'>detineretur</span> <span class='ocrx_word' id='word_1_107' title='bbox 675 1005 726 1033; x_wconf 89' lang='lat' dir='ltr'>cum</span> 
     </span>
     <span class='ocr_line' id='line_1_16' title="bbox 47 1050 757 1109; baseline 0.001 -16"><span class='ocrx_word' id='word_1_108' title='bbox 47 1051 170 1094; x_wconf 81' lang='lat' dir='ltr'>concubina</span> <span class='ocrx_word' id='word_1_109' title='bbox 184 1051 207 1093; x_wconf 92' lang='lat' dir='ltr'>in</span> <span class='ocrx_word' id='word_1_110' title='bbox 218 1064 318 1105; x_wconf 85' lang='lat' dir='ltr'>carcere,</span> <span class='ocrx_word' id='word_1_111' title='bbox 334 1052 371 1094; x_wconf 85' lang='lat' dir='ltr'>vel</span> <span class='ocrx_word' id='word_1_112' title='bbox 382 1050 405 1094; x_wconf 92' lang='lat' dir='ltr'>in</span> <span class='ocrx_word' id='word_1_113' title='bbox 421 1050 473 1094; x_wconf 86' lang='lat' dir='ltr'>navi</span> <span class='ocrx_word' id='word_1_114' title='bbox 488 1050 511 1094; x_wconf 91' lang='lat' dir='ltr'>in</span> <span class='ocrx_word' id='word_1_115' title='bbox 526 1051 592 1094; x_wconf 89' lang='lat' dir='ltr'>mari.</span> <span class='ocrx_word' id='word_1_116' title='bbox 606 1051 727 1095; x_wconf 89' lang='lat' dir='ltr'>Moraliter</span> <span class='ocrx_word' id='word_1_117' title='bbox 753 1106 757 1109; x_wconf 86' lang='lat'>.</span> 
     </span>
     <span class='ocr_line' id='line_1_17' title="bbox 47 1110 727 1167; baseline 0.001 -14"><span class='ocrx_word' id='word_1_118' title='bbox 47 1110 150 1154; x_wconf 87' lang='lat' dir='ltr'>absolute</span> <span class='ocrx_word' id='word_1_119' title='bbox 159 1110 312 1155; x_wconf 82' lang='lat' dir='ltr'>involuntaria</span> <span class='ocrx_word' id='word_1_120' title='bbox 321 1117 364 1165; x_wconf 85' lang='lat' dir='ltr'>est,</span> <span class='ocrx_word' id='word_1_121' title='bbox 373 1124 440 1167; x_wconf 87' lang='lat' dir='ltr'>quam</span> <span class='ocrx_word' id='word_1_122' title='bbox 450 1110 501 1167; x_wconf 82' lang='lat' dir='ltr'>quis</span> <span class='ocrx_word' id='word_1_123' title='bbox 510 1111 584 1154; x_wconf 84' lang='lat' dir='ltr'>vitare</span> <span class='ocrx_word' id='word_1_124' title='bbox 596 1124 639 1153; x_wconf 94' lang='lat' dir='ltr'>non</span> <span class='ocrx_word' id='word_1_125' title='bbox 651 1114 727 1167; x_wconf 87' lang='lat' dir='ltr'>posset</span> 
     </span>
     <span class='ocr_line' id='line_1_18' title="bbox 48 1170 726 1228; baseline 0 -14"><span class='ocrx_word' id='word_1_126' title='bbox 48 1170 96 1214; x_wconf 89' lang='lat' dir='ltr'>sine</span> <span class='ocrx_word' id='word_1_127' title='bbox 107 1173 198 1227; x_wconf 83' lang='lat' dir='ltr'>peccato</span> <span class='ocrx_word' id='word_1_128' title='bbox 217 1184 222 1215; x_wconf 88' lang='grc'>;</span> <span class='ocrx_word' id='word_1_129' title='bbox 241 1171 294 1215; x_wconf 83' lang='lat' dir='ltr'>talis</span> <span class='ocrx_word' id='word_1_130' title='bbox 313 1174 388 1227; x_wconf 84' lang='lat' dir='ltr'>potest</span> <span class='ocrx_word' id='word_1_131' title='bbox 406 1171 473 1215; x_wconf 86' lang='lat' dir='ltr'>alicui</span> <span class='ocrx_word' id='word_1_132' title='bbox 484 1184 532 1213; x_wconf 84' lang='lat' dir='ltr'>esse</span> <span class='ocrx_word' id='word_1_133' title='bbox 548 1170 640 1225; x_wconf 90' lang='lat' dir='ltr'>militia,</span> <span class='ocrx_word' id='word_1_134' title='bbox 659 1184 726 1228; x_wconf 87' lang='lat' dir='ltr'>aqua</span> 
     </span>
     <span class='ocr_line' id='line_1_19' title="bbox 48 1230 726 1288; baseline 0 -14"><span class='ocrx_word' id='word_1_135' title='bbox 48 1231 96 1274; x_wconf 90' lang='lat' dir='ltr'>sine</span> <span class='ocrx_word' id='word_1_136' title='bbox 107 1235 199 1287; x_wconf 87' lang='lat' dir='ltr'>peccato</span> <span class='ocrx_word' id='word_1_137' title='bbox 211 1235 262 1275; x_wconf 89' lang='lat' dir='ltr'>ante</span> <span class='ocrx_word' id='word_1_138' title='bbox 272 1232 399 1275; x_wconf 89' lang='lat' dir='ltr'>condictum</span> <span class='ocrx_word' id='word_1_139' title='bbox 410 1234 499 1286; x_wconf 86' lang='lat' dir='ltr'>tempus</span> <span class='ocrx_word' id='word_1_140' title='bbox 511 1230 626 1274; x_wconf 82' lang='lat' dir='ltr'>discedere</span> <span class='ocrx_word' id='word_1_141' title='bbox 637 1245 679 1273; x_wconf 94' lang='lat' dir='ltr'>non</span> <span class='ocrx_word' id='word_1_142' title='bbox 689 1246 726 1288; x_wconf 85' lang='lat' dir='ltr'>po·</span> 
     </span>
     <span class='ocr_line' id='line_1_20' title="bbox 47 1291 728 1346; baseline 0 -11"><span class='ocrx_word' id='word_1_143' title='bbox 47 1293 101 1335; x_wconf 85' lang='lat' dir='ltr'>test.</span> <span class='ocrx_word' id='word_1_144' title='bbox 114 1291 233 1335; x_wconf 79' lang='lat' dir='ltr'>Moraliter</span> <span class='ocrx_word' id='word_1_145' title='bbox 245 1291 399 1334; x_wconf 86' lang='lat' dir='ltr'>involuntaria</span> <span class='ocrx_word' id='word_1_146' title='bbox 410 1292 531 1334; x_wconf 84' lang='lat' dir='ltr'>secundum</span> <span class='ocrx_word' id='word_1_147' title='bbox 542 1291 596 1345; x_wconf 88' lang='lat' dir='ltr'>quid</span> <span class='ocrx_word' id='word_1_148' title='bbox 607 1293 650 1344; x_wconf 87' lang='lat' dir='ltr'>est,</span> <span class='ocrx_word' id='word_1_149' title='bbox 662 1304 728 1346; x_wconf 85' lang='lat' dir='ltr'>quam</span> 
     </span>
     <span class='ocr_line' id='line_1_21' title="bbox 48 1349 728 1407; baseline 0.001 -15"><span class='ocrx_word' id='word_1_150' title='bbox 48 1350 98 1406; x_wconf 88' lang='lat' dir='ltr'>quis</span> <span class='ocrx_word' id='word_1_151' title='bbox 110 1350 157 1393; x_wconf 88' lang='lat' dir='ltr'>sine</span> <span class='ocrx_word' id='word_1_152' title='bbox 170 1351 236 1393; x_wconf 85' lang='lat' dir='ltr'>valde</span> <span class='ocrx_word' id='word_1_153' title='bbox 251 1351 317 1406; x_wconf 81' lang='lat' dir='ltr'>gravi</span> <span class='ocrx_word' id='word_1_154' title='bbox 330 1351 469 1403; x_wconf 87' lang='lat' dir='ltr'>difficultate,</span> <span class='ocrx_word' id='word_1_155' title='bbox 482 1349 519 1392; x_wconf 87' lang='lat' dir='ltr'>vel</span> <span class='ocrx_word' id='word_1_156' title='bbox 531 1350 620 1402; x_wconf 89' lang='lat' dir='ltr'>damno,</span> <span class='ocrx_word' id='word_1_157' title='bbox 634 1364 677 1392; x_wconf 92' lang='lat' dir='ltr'>non</span> <span class='ocrx_word' id='word_1_158' title='bbox 689 1364 728 1407; x_wconf 88' lang='lat' dir='ltr'>po-</span> 
     </span>
     <span class='ocr_line' id='line_1_22' title="bbox 47 1410 727 1468; baseline 0 -14"><span class='ocrx_word' id='word_1_159' title='bbox 47 1414 94 1455; x_wconf 90' lang='lat' dir='ltr'>test</span> <span class='ocrx_word' id='word_1_160' title='bbox 104 1411 178 1455; x_wconf 82' lang='lat' dir='ltr'>vitare</span> <span class='ocrx_word' id='word_1_161' title='bbox 191 1411 260 1455; x_wconf 84' lang='lat' dir='ltr'>:talis</span> <span class='ocrx_word' id='word_1_162' title='bbox 275 1413 351 1468; x_wconf 84' lang='lat' dir='ltr'>posset</span> <span class='ocrx_word' id='word_1_163' title='bbox 362 1410 428 1455; x_wconf 89' lang='lat' dir='ltr'>alicui</span> <span class='ocrx_word' id='word_1_164' title='bbox 440 1425 489 1453; x_wconf 88' lang='lat' dir='ltr'>esse</span> <span class='ocrx_word' id='word_1_165' title='bbox 501 1410 596 1453; x_wconf 85' lang='lat' dir='ltr'>officium</span> <span class='ocrx_word' id='word_1_166' title='bbox 607 1411 727 1466; x_wconf 77' lang='lat' dir='ltr'>Advocati,</span> 
     </span>
     <span class='ocr_line' id='line_1_23' title="bbox 47 1470 728 1527; baseline -0.001 -12"><span class='ocrx_word' id='word_1_167' title='bbox 47 1471 184 1525; x_wconf 77' lang='lat' dir='ltr'>Consiliarii,</span> <span class='ocrx_word' id='word_1_168' title='bbox 206 1472 321 1527; x_wconf 78' lang='lat' dir='ltr'>Chirurgi,</span> <span class='ocrx_word' id='word_1_169' title='bbox 343 1474 401 1527; x_wconf 89' lang='lat' dir='ltr'>quod</span> <span class='ocrx_word' id='word_1_170' title='bbox 423 1471 472 1527; x_wconf 86' lang='lat' dir='ltr'>quis</span> <span class='ocrx_word' id='word_1_171' title='bbox 494 1470 542 1514; x_wconf 83' lang='lat' dir='ltr'>sine</span> <span class='ocrx_word' id='word_1_172' title='bbox 562 1472 642 1514; x_wconf 88' lang='lat' dir='ltr'>damno</span> <span class='ocrx_word' id='word_1_173' title='bbox 662 1471 728 1516; x_wconf 88' lang='lat' dir='ltr'>valde</span> 
     </span>
     <span class='ocr_line' id='line_1_24' title="bbox 48 1531 727 1589; baseline 0 -16"><span class='ocrx_word' id='word_1_174' title='bbox 48 1531 115 1588; x_wconf 83' lang='lat' dir='ltr'>gravi</span> <span class='ocrx_word' id='word_1_175' title='bbox 125 1545 167 1575; x_wconf 93' lang='lat' dir='ltr'>non</span> <span class='ocrx_word' id='word_1_176' title='bbox 177 1534 253 1589; x_wconf 87' lang='lat' dir='ltr'>posset</span> <span class='ocrx_word' id='word_1_177' title='bbox 260 1533 372 1574; x_wconf 88' lang='lat' dir='ltr'>deserere.</span> <span class='ocrx_word' id='word_1_178' title='bbox 382 1531 495 1580; x_wconf 77' lang='lat' dir='ltr'>Quantum</span> <span class='ocrx_word' id='word_1_179' title='bbox 507 1533 582 1572; x_wconf 83' lang='lat' dir='ltr'>autem</span> <span class='ocrx_word' id='word_1_180' title='bbox 591 1532 671 1573; x_wconf 79' lang='lat' dir='ltr'>debeat</span> <span class='ocrx_word' id='word_1_181' title='bbox 678 1544 727 1573; x_wconf 84' lang='lat' dir='ltr'>esse</span> 
     </span>
     <span class='ocr_line' id='line_1_25' title="bbox 48 1591 725 1645; baseline -0.001 -10"><span class='ocrx_word' id='word_1_182' title='bbox 48 1594 164 1645; x_wconf 88' lang='lat' dir='ltr'>damnum,</span> <span class='ocrx_word' id='word_1_183' title='bbox 176 1595 202 1635; x_wconf 91' lang='lat' dir='ltr'>ut</span> <span class='ocrx_word' id='word_1_184' title='bbox 210 1593 296 1636; x_wconf 89' lang='lat' dir='ltr'>occasio</span> <span class='ocrx_word' id='word_1_185' title='bbox 308 1596 428 1635; x_wconf 86' lang='lat' dir='ltr'>censeatur</span> <span class='ocrx_word' id='word_1_186' title='bbox 437 1591 554 1634; x_wconf 87' lang='lat' dir='ltr'>moraliter</span> <span class='ocrx_word' id='word_1_187' title='bbox 563 1592 725 1644; x_wconf 83' lang='lat' dir='ltr'>involuntaria,</span> 
     </span>
     <span class='ocr_line' id='line_1_26' title="bbox 49 1651 727 1706; baseline 0.001 -14"><span class='ocrx_word' id='word_1_188' title='bbox 49 1664 93 1692; x_wconf 90' lang='lat' dir='ltr'>non</span> <span class='ocrx_word' id='word_1_189' title='bbox 104 1655 178 1706; x_wconf 86' lang='lat' dir='ltr'>potest</span> <span class='ocrx_word' id='word_1_190' title='bbox 191 1665 234 1693; x_wconf 91' lang='lat' dir='ltr'>una</span> <span class='ocrx_word' id='word_1_191' title='bbox 244 1652 324 1706; x_wconf 79' lang='lat' dir='ltr'>regula</span> <span class='ocrx_word' id='word_1_192' title='bbox 336 1651 436 1706; x_wconf 79' lang='lat' dir='ltr'>definiri3</span> <span class='ocrx_word' id='word_1_193' title='bbox 449 1652 501 1705; x_wconf 89' lang='lat' dir='ltr'>quia</span> <span class='ocrx_word' id='word_1_194' title='bbox 518 1652 600 1705; x_wconf 86' lang='lat' dir='ltr'>pendet</span> <span class='ocrx_word' id='word_1_195' title='bbox 616 1665 644 1693; x_wconf 86' lang='lat' dir='ltr'>ex</span> <span class='ocrx_word' id='word_1_196' title='bbox 657 1652 727 1693; x_wconf 87' lang='lat' dir='ltr'>variis</span> 
     </span>
     <span class='ocr_line' id='line_1_27' title="bbox 49 1708 725 1767; baseline -0.003 -15"><span class='ocrx_word' id='word_1_197' title='bbox 49 1708 234 1763; x_wconf 86' lang='lat' dir='ltr'>circumstantiis,</span> <span class='ocrx_word' id='word_1_198' title='bbox 259 1723 309 1767; x_wconf 86' lang='lat' dir='ltr'>quae</span> <span class='ocrx_word' id='word_1_199' title='bbox 335 1708 476 1752; x_wconf 80' lang='lat' dir='ltr'>Confessario</span> <span class='ocrx_word' id='word_1_200' title='bbox 503 1710 645 1763; x_wconf 86' lang='lat' dir='ltr'>ponderanda</span> <span class='ocrx_word' id='word_1_201' title='bbox 665 1714 725 1753; x_wconf 82' lang='lat' dir='ltr'>sunt.</span> 
     </span>
     <span class='ocr_line' id='line_1_28' title="bbox 48 1769 727 1826; baseline 0 -15"><span class='ocrx_word' id='word_1_202' title='bbox 48 1769 180 1812; x_wconf 85' lang='lat' dir='ltr'>Universim</span> <span class='ocrx_word' id='word_1_203' title='bbox 192 1769 235 1812; x_wconf 79' lang='lat' dir='ltr'>dici</span> <span class='ocrx_word' id='word_1_204' title='bbox 244 1770 431 1826; x_wconf 86' lang='lat' dir='ltr'>potestdamnum</span> <span class='ocrx_word' id='word_1_205' title='bbox 443 1769 578 1811; x_wconf 86' lang='lat' dir='ltr'>essedebere</span> <span class='ocrx_word' id='word_1_206' title='bbox 589 1772 636 1811; x_wconf 86' lang='lat' dir='ltr'>tam</span> <span class='ocrx_word' id='word_1_207' title='bbox 647 1782 727 1824; x_wconf 78' lang='lat' dir='ltr'>grave,</span> 
     </span>
     <span class='ocr_line' id='line_1_29' title="bbox 49 1826 727 1885; baseline 0 -13"><span class='ocrx_word' id='word_1_208' title='bbox 49 1830 75 1872; x_wconf 87' lang='lat' dir='ltr'>ut</span> <span class='ocrx_word' id='word_1_209' title='bbox 84 1828 106 1872; x_wconf 92' lang='lat' dir='ltr'>id</span> <span class='ocrx_word' id='word_1_210' title='bbox 118 1828 192 1873; x_wconf 87' lang='lat' dir='ltr'>subire</span> <span class='ocrx_word' id='word_1_211' title='bbox 206 1826 360 1873; x_wconf 87' lang='lat' dir='ltr'>communiter</span> <span class='ocrx_word' id='word_1_212' title='bbox 372 1830 462 1885; x_wconf 87' lang='lat' dir='ltr'>superet</span> <span class='ocrx_word' id='word_1_213' title='bbox 477 1828 536 1872; x_wconf 85' lang='lat' dir='ltr'>vires</span> <span class='ocrx_word' id='word_1_214' title='bbox 552 1828 662 1872; x_wconf 86' lang='lat' dir='ltr'>humanas</span> <span class='ocrx_word' id='word_1_215' title='bbox 675 1840 680 1873; x_wconf 91' lang='lat'>:</span> <span class='ocrx_word' id='word_1_216' title='bbox 694 1835 727 1884; x_wconf 89' lang='lat' dir='ltr'>ut,</span> 
     </span>
     <span class='ocr_line' id='line_1_30' title="bbox 49 1888 750 1952; baseline -0.001 -19"><span class='ocrx_word' id='word_1_217' title='bbox 49 1888 70 1933; x_wconf 88' lang='lat' dir='ltr'>si</span> <span class='ocrx_word' id='word_1_218' title='bbox 79 1889 128 1932; x_wconf 87' lang='lat' dir='ltr'>vita</span> <span class='ocrx_word' id='word_1_219' title='bbox 142 1891 272 1945; x_wconf 78' lang='lat' dir='ltr'>exponenda</span> <span class='ocrx_word' id='word_1_220' title='bbox 288 1891 348 1933; x_wconf 86' lang='lat' dir='ltr'>esset</span> <span class='ocrx_word' id='word_1_221' title='bbox 363 1888 461 1933; x_wconf 88' lang='lat' dir='ltr'>evidenti</span> <span class='ocrx_word' id='word_1_222' title='bbox 476 1888 576 1946; x_wconf 86' lang='lat' dir='ltr'>periculo</span> <span class='ocrx_word' id='word_1_223' title='bbox 589 1901 594 1932; x_wconf 78' lang='lat' dir='ltr'><em>z</em></span> <span class='ocrx_word' id='word_1_224' title='bbox 607 1890 626 1933; x_wconf 86' lang='lat' dir='ltr'>si</span> <span class='ocrx_word' id='word_1_225' title='bbox 642 1889 728 1932; x_wconf 77' lang='lat' dir='ltr'>familia</span> <span class='ocrx_word' id='word_1_226' title='bbox 745 1941 750 1952; x_wconf 28' lang='lat' dir='ltr'><strong>r</strong></span> 
     </span>
     <span class='ocr_line' id='line_1_31' title="bbox 48 1948 750 2005; baseline 0.001 -14"><span class='ocrx_word' id='word_1_227' title='bbox 48 1949 146 1992; x_wconf 83' lang='lat' dir='ltr'>honesta</span> <span class='ocrx_word' id='word_1_228' title='bbox 157 1953 216 1992; x_wconf 84' lang='lat' dir='ltr'>esset</span> <span class='ocrx_word' id='word_1_229' title='bbox 227 1951 255 1992; x_wconf 90' lang='lat' dir='ltr'>ad</span> <span class='ocrx_word' id='word_1_230' title='bbox 266 1948 435 1993; x_wconf 85' lang='lat' dir='ltr'>mendicitatem</span> <span class='ocrx_word' id='word_1_231' title='bbox 446 1949 569 2005; x_wconf 80' lang='lat' dir='ltr'>redigenda</span> <span class='ocrx_word' id='word_1_232' title='bbox 581 1962 585 1992; x_wconf 92' lang='lat'>:</span> <span class='ocrx_word' id='word_1_233' title='bbox 595 1950 614 1991; x_wconf 86' lang='lat' dir='ltr'>si</span> <span class='ocrx_word' id='word_1_234' title='bbox 626 1949 676 1992; x_wconf 87' lang='lat' dir='ltr'>viro</span> <span class='ocrx_word' id='word_1_235' title='bbox 685 1950 728 1992; x_wconf 92' lang='lat' dir='ltr'>ho·</span> <span class='ocrx_word' id='word_1_236' title='bbox 749 1952 750 1955; x_wconf 73' lang='grc'>’</span> 
     </span>
     <span class='ocr_line' id='line_1_32' title="bbox 49 2009 729 2064; baseline 0 -12"><span class='ocrx_word' id='word_1_237' title='bbox 49 2015 131 2052; x_wconf 89' lang='lat' dir='ltr'>norato</span> <span class='ocrx_word' id='word_1_238' title='bbox 142 2009 236 2051; x_wconf 78' lang='lat' dir='ltr'>infamia</span> <span class='ocrx_word' id='word_1_239' title='bbox 245 2010 310 2051; x_wconf 77' lang='lat' dir='ltr'>valde</span> <span class='ocrx_word' id='word_1_240' title='bbox 324 2009 401 2064; x_wconf 79' lang='lat' dir='ltr'>gravis</span> <span class='ocrx_word' id='word_1_241' title='bbox 412 2010 526 2053; x_wconf 84' lang='lat' dir='ltr'>subeunda</span> <span class='ocrx_word' id='word_1_242' title='bbox 539 2022 544 2051; x_wconf 78' lang='grc' dir='ltr'>ε</span> <span class='ocrx_word' id='word_1_243' title='bbox 556 2009 575 2051; x_wconf 84' lang='lat' dir='ltr'>si</span> <span class='ocrx_word' id='word_1_244' title='bbox 584 2009 729 2052; x_wconf 81' lang='lat' dir='ltr'>filius-fami-</span> 
     </span>
     <span class='ocr_line' id='line_1_33' title="bbox 48 2068 727 2124; baseline 0 -12"><span class='ocrx_word' id='word_1_245' title='bbox 48 2068 92 2112; x_wconf 85' lang='lat' dir='ltr'>lias</span> <span class='ocrx_word' id='word_1_246' title='bbox 103 2070 197 2112; x_wconf 83' lang='lat' dir='ltr'>deberet</span> <span class='ocrx_word' id='word_1_247' title='bbox 207 2068 279 2110; x_wconf 80' lang='lat' dir='ltr'>invito</span> <span class='ocrx_word' id='word_1_248' title='bbox 291 2072 356 2122; x_wconf 85' lang='lat' dir='ltr'>patre</span> <span class='ocrx_word' id='word_1_249' title='bbox 372 2069 475 2112; x_wconf 83' lang='lat' dir='ltr'>deserere</span> <span class='ocrx_word' id='word_1_250' title='bbox 493 2070 583 2111; x_wconf 88' lang='lat' dir='ltr'>domum</span> <span class='ocrx_word' id='word_1_251' title='bbox 601 2073 727 2124; x_wconf 82' lang='lat' dir='ltr'>paternam.</span> 
     </span>
    </p>

    <p class='ocr_par' dir='ltr' id='par_1_4' title="bbox 48 2126 728 2245">
     <span class='ocr_line' id='line_1_34' title="bbox 79 2126 728 2185; baseline -0.002 -13"><span class='ocrx_word' id='word_1_252' title='bbox 79 2129 134 2183; x_wconf 86' lang='lat' dir='ltr'>Quae</span> <span class='ocrx_word' id='word_1_253' title='bbox 147 2127 193 2172; x_wconf 80' lang='lat' dir='ltr'>dixi</span> <span class='ocrx_word' id='word_1_254' title='bbox 210 2128 237 2171; x_wconf 92' lang='lat' dir='ltr'>de</span> <span class='ocrx_word' id='word_1_255' title='bbox 252 2126 367 2172; x_wconf 83' lang='lat' dir='ltr'>occasione</span> <span class='ocrx_word' id='word_1_256' title='bbox 381 2128 484 2184; x_wconf 78' lang='lat' dir='ltr'>proxima</span> <span class='ocrx_word' id='word_1_257' title='bbox 495 2127 631 2171; x_wconf 87' lang='lat' dir='ltr'>conveniunt</span> <span class='ocrx_word' id='word_1_258' title='bbox 642 2142 728 2185; x_wconf 85' lang='lat' dir='ltr'>quoque</span> 
     </span>
     <span class='ocr_line' id='line_1_35' title="bbox 48 2188 728 2245; baseline 0.003 -16"><span class='ocrx_word' id='word_1_259' title='bbox 48 2189 150 2245; x_wconf 86' lang='lat' dir='ltr'>periculo</span> <span class='ocrx_word' id='word_1_260' title='bbox 162 2188 274 2243; x_wconf 83' lang='lat' dir='ltr'>proximo,</span> <span class='ocrx_word' id='word_1_261' title='bbox 286 2188 365 2230; x_wconf 89' lang='lat' dir='ltr'>saltem</span> <span class='ocrx_word' id='word_1_262' title='bbox 378 2189 523 2244; x_wconf 86' lang='lat' dir='ltr'>plerumque:</span> <span class='ocrx_word' id='word_1_263' title='bbox 537 2200 589 2230; x_wconf 87' lang='lat' dir='ltr'>nam</span> <span class='ocrx_word' id='word_1_264' title='bbox 600 2188 655 2231; x_wconf 90' lang='lat' dir='ltr'>illud</span> <span class='ocrx_word' id='word_1_265' title='bbox 667 2202 728 2231; x_wconf 89' lang='lat' dir='ltr'>occa-</span> 
     </span>
    </p>

    <p class='ocr_par' dir='ltr' id='par_1_5' title="bbox 11 2247 729 2366">
     <span class='ocr_line' id='line_1_36' title="bbox 11 2247 729 2306; baseline -0.003 -14"><span class='ocrx_word' id='word_1_266' title='bbox 11 2298 14 2303; x_wconf 23' lang='lat'>,</span> <span class='ocrx_word' id='word_1_267' title='bbox 49 2247 136 2292; x_wconf 76' lang='lat' dir='ltr'>sionem</span> <span class='ocrx_word' id='word_1_268' title='bbox 149 2247 276 2306; x_wconf 80' lang='lat' dir='ltr'>proximam</span> <span class='ocrx_word' id='word_1_269' title='bbox 289 2261 338 2290; x_wconf 89' lang='lat' dir='ltr'>cum</span> <span class='ocrx_word' id='word_1_270' title='bbox 353 2247 523 2292; x_wconf 85' lang='lat' dir='ltr'>circumstantia</span> <span class='ocrx_word' id='word_1_271' title='bbox 535 2250 629 2290; x_wconf 84' lang='lat' dir='ltr'>externa</span> <span class='ocrx_word' id='word_1_272' title='bbox 643 2248 729 2291; x_wconf 84' lang='lat' dir='ltr'>consti-</span> 
     </span>
     <span class='ocr_line' id='line_1_37' title="bbox 49 2306 728 2366; baseline -0.001 -13"><span class='ocrx_word' id='word_1_273' title='bbox 49 2306 104 2366; x_wconf 79' lang='lat' dir='ltr'>tuit,</span> <span class='ocrx_word' id='word_1_274' title='bbox 122 2315 201 2365; x_wconf 83' lang='lat' dir='ltr'>estque</span> <span class='ocrx_word' id='word_1_275' title='bbox 221 2307 283 2352; x_wconf 86' lang='lat' dir='ltr'>aliud</span> <span class='ocrx_word' id='word_1_276' title='bbox 301 2307 404 2361; x_wconf 81' lang='lat' dir='ltr'>vitabile,</span> <span class='ocrx_word' id='word_1_277' title='bbox 419 2309 479 2352; x_wconf 87' lang='lat' dir='ltr'>aliud</span> <span class='ocrx_word' id='word_1_278' title='bbox 499 2308 600 2365; x_wconf 83' lang='lat' dir='ltr'>physice,</span> <span class='ocrx_word' id='word_1_279' title='bbox 621 2308 658 2351; x_wconf 87' lang='lat' dir='ltr'>vel</span> <span class='ocrx_word' id='word_1_280' title='bbox 677 2322 728 2352; x_wconf 83' lang='lat' dir='ltr'>rno-</span> 
     </span>
    </p>
   </div>
   <div class='ocr_carea' id='block_1_3' title="bbox 0 0 800 2464">
    <p class='ocr_par' dir='ltr' id='par_1_6' title="bbox 0 0 800 2464">
     <span class='ocr_line' id='line_1_38' title="bbox 0 0 800 2464; baseline 0 0"><span class='ocrx_word' id='word_1_281' title='bbox 0 0 800 2464; x_wconf 95' lang='lat' dir='ltr'> </span> 
     </span>
    </p>
   </div>
  </div>
 </body>
</html>
