1577 2464
235 58 236 61 ¹
285 56 343 88 raas
358 54 394 98 111,
411 51 538 87 carurinv
640 55 642 57 ’
696 32 744 85 2115

66 153 109 184 non
121 140 187 184 adsit.
201 141 225 184 Si
237 144 313 184 tamen
324 141 426 183 infirmus
438 140 531 182 haberet
547 152 623 183 casum
634 150 741 182 reserva-

66 203 122 253 tum,
141 202 175 242 cui
193 215 280 244 annena
298 205 358 244 esset
377 199 577 243 excommunicatio
595 199 675 256 major,
694 199 742 242 haec

66 261 111 303 tria
133 263 199 304 simul
224 262 352 319 praestanda
372 261 447 304 forent
468 262 511 314 :·l,
529 264 553 303 ut
573 264 624 302 ante
646 259 741 303 satisfiat
765 285 766 288 =

66 322 123 376 parti
146 321 205 367 laesae
227 335 248 365 v.
269 335 291 376 g.
312 320 426 366 restitutio
447 320 526 374 famae,
548 319 647 373 honoria,
670 319 741 363 bono·

66 395 124 434 rum,
141 383 168 424 ob
186 396 280 437 quorum
296 381 411 425 laesionem
425 382 472 424 lata
483 384 518 425 est
532 392 644 433 censuraq
656 382 742 422 autres

66 441 98 482 sic
106 442 245 495 disponatur,
258 442 329 482 utilia
339 441 463 483 satisfactio
475 441 505 482 sit
515 439 665 482 infallibiliter
677 450 742 480 secu-

66 500 119 543 tura
130 514 152 542 r.
166 514 188 556 g.
202 501 273 543 dando
290 500 440 554 Confessario,
453 500 490 542 vel
510 501 568 555 apud
585 499 654 541 alium
673 497 743 553 depo-

66 561 146 612 nendo,
158 562 214 613 quo'd
226 560 389 604 restituendum
401 563 463 615 erat3
477 559 646 602 vel-obtinendo
656 559 742 612 aparte

6 630 8 635 ·
66 617 121 661 laesa
130 619 322 663 condonationem.
335 618 393 675 2.Si
406 618 531 664 satisfactio
542 618 591 661 fieri
603 630 646 661 non
656 617 740 674 posset,

67 681 132 721 modo
144 680 209 722 detur
220 682 294 722 cautio
306 675 468 735 pigndratoria,
481 680 518 722 vel
528 679 571 722 fide
582 678 688 733 jussoria,
705 676 743 718 vel
759 714 767 729 -.
784 713 786 715 .

67 738 146 781 saltem
154 738 275 795 juratoria,
287 740 306 783 si
316 738 360 782 alia
370 740 417 782 dari
427 753 470 782 non
480 739 559 795 possit.
569 739 655 782 Putant
665 739 743 781 tamen

67 811 153 854 quoque
165 800 242 856 aliqui,
255 813 296 857 pro
307 800 355 842 foro
373 800 462 844 interno
472 800 562 842 firmum
578 798 678 841 sufficere
692 809 744 853 pro·

66 859 172 913 positum,
186 862 323 914 probantque
336 873 364 902 ex
376 861 462 903 Rituali
473 862 575 902 Romano
588 859 655 902 Pauli
665 858 694 900 V.
708 857 743 899 Ita

66 917 126 960 Nav.
139 918 220 975 Laym.
238 920 316 962 Tamti.
334 919 395 963 Viva
410 922 433 963 et
449 919 495 962 alii.
509 919 531 962 3.
548 920 581 961 Ut
594 919 665 974 juret,
684 915 747 972 quod

66 978 123 1034 velit
141 979 230 1021 obedire
241 979 356 1030 Ecclesiae,
369 993 407 1021 seu
427 978 543 1034 Superiori
559 977 695 1034 injungenti,
712 974 743 1018 ¹n‘e

66 1036 121 1079 illud
133 1037 217 1080 crimen
235 1038 317 1081 iterum
333 1038 471 1093 committam
491 1041 513 1081 et
531 1050 570 1092 per
587 1051 610 1080 se
625 1037 707 1091 ipsum,
724 1033 744 1078 si

66 1096 137 1152 possit
148 1110 280 1154 componere
291 1111 340 1142 cum
350 1099 412 1154 Papa
425 1097 565 1154 (compositio
576 1110 627 1141 cum
637 1096 700 1152 Papa
710 1095 744 1139 est

67 1157 194 1214 conventio)
207 1159 228 1199 in
244 1172 288 1212 qua
299 1159 361 1213 Papa
375 1158 485 1214 indulget,
502 1162 526 1200 ut
543 1158 616 1212 major
630 1156 744 1211 quantitas

67 1217 137 1258 ‹lebiti
156 1217 238 1259 rlorrrini
253 1218 334 1260 incerti
350 1221 450 1260 mutetur
461 1217 483 1259 in
495 1217 613 1269 minorem,
632 1216 665 1258 La
677 1213 745 1258 moni

67 1274 84 1317 l.
104 1275 144 1326 ΙΙΙ,
162 1290 183 1330 p.
200 1275 226 1329 2,
243 1290 280 1317 nu.
297 1275 341 1319 aco
355 1288 359 1318 :
373 1277 391 1318 si
404 1290 449 1317 non
463 1277 542 1330 possit,
556 1276 612 1317 velit
623 1289 646 1316 se
663 1274 744 1316 sistere

67 1333 177 1391 Episcopo
192 1336 228 1378 vel
247 1336 371 1391 Superiori,
393 1335 431 1392 qui
451 1338 521 1391 possit
539 1335 656 1378 absolvere
679 1336 745 1377 extra

67 1408 144 1436 casum
159 1395 313 1450 necessitatis3
329 1397 385 1438 alias
405 1396 513 1438 reincidat
529 1396 551 1436 in
568 1394 746 1437 excommunica-

5 1458 9 1459 ’
67 1453 160 1497 tionem.
174 1454 198 1497 Si
210 1459 285 1497 tamen
303 1458 362 1498 esset
381 1454 501 1498 destitutus
512 1468 553 1497 usu
567 1454 661 1497 rationis
674 1464 743 1510 aeger,

67 1516 152 1572 posset,
165 1515 184 1558 si
196 1516 240 1558 alia
252 1515 334 1569 adsint,
345 1515 431 1559 absolvi
449 1528 453 1559 :
466 1515 511 1559 imo
527 1514 602 1558 valide
613 1513 746 1562 absolvere-

68 1577 114 1627 tur,
131 1574 174 1617 etsi
186 1575 340 1618 Confessarius
358 1576 399 1618 hoc
417 1575 550 1631 negligeret,
570 1588 697 1630 quanquam
709 1572 745 1616 hic

68 1635 171 1689 graviter
179 1639 290 1691 peccaret.
298 1635 376 1690 Neque
389 1636 524 1677 reinciderat
534 1635 652 1689 poenitens,
663 1634 682 1676 si
692 1644 758 1689 pro-‘

68 1693 161 1736 missam
179 1693 355 1737 satisfactionem
369 1708 411 1736 non
423 1697 552 1750 praestaret.
570 1694 611 1737 etsi
628 1697 681 1735 tunc
692 1705 747 1748 pec-

68 1757 139 1797 caret.
154 1753 178 1795 Si
189 1753 322 1808 impotentia
337 1753 489 1797 satisfaciendi
501 1756 560 1796 esset
571 1755 688 1808 perpetua,
703 1764 747 1794 non

69 1811 104 1856 est
115 1819 170 1869 opus
182 1812 301 1868 quidquam
313 1827 326 1856 a
341 1814 463 1868 poenitente
475 1812 598 1869 requirere.
612 1812 715 1864 Demum,
728 1810 748 1854 si

69 1885 135 1916 casus
144 1877 275 1916 reservatus
291 1874 414 1916 nonhabet
432 1887 542 1916 annexam
558 1886 685 1924 censuram,
703 1884 747 1914 non

70 1936 105 1975 cst
124 1945 179 1988 opus
197 1947 221 1976 se
241 1936 318 1988 postea
336 1933 417 1976 sistere
438 1933 552 1989 Superiori
575 1933 617 1993 (2).
638 1933 696 1978 Vide
715 1932 748 1975 La

70 1991 138 2037 Groin
148 1992 170 2036 1.Ι
178 1993 218 2048 VI,
231 2007 253 2049 p.
266 1993 288 2046 2,
300 2008 321 2036 n.
334 1992 400 2046 1559,
415 1993 480 2049 1623,
494 1992 561 2038 1693,

58 2157 60 2160 ,
93 2118 321 2172 (transnatato.

352 2222 461 2236 —m
