1577 2464
69 82 117 126 ΒΜ
154 92 382 129 uuo-courussnams
397 92 510 136 ranerius
525 72 668 124 insuaucuus
690 99 691 102 ¹
721 119 735 129 ,,

74 180 131 233 nari,
149 177 202 235 quia
218 179 326 225 differunt
346 193 434 225 sacram
454 177 589 224 unctionem.
609 179 715 237 Proinde,
734 180 753 223 si

74 254 135 298 aeger
146 240 236 285 laborat
246 241 307 287 mala
317 240 470 299 persuasione,
481 240 531 284 ideo
537 239 586 296 jam
595 244 670 283 actum
679 241 753 283 desa-

73 301 145 344 nitate
161 303 323 358 recuperanda,
343 301 461 345 eximenda
478 303 512 344 est
528 301 570 344 ilii.
583 300 662 349 Habeo
677 313 753 349 ame-

74 360 131 411 dico,
142 362 200 415 quod
210 362 286 416 piures
295 360 387 413 infirmi,
400 361 438 416 qui
447 360 512 404 valde
526 357 650 415 periculose
660 361 754 404 decum-

73 420 163 475 bebant,
173 424 265 477 accepta
276 432 340 465 sacra
349 420 444 477 Synaxi,
455 419 532 465 statim
544 418 752 471 meiiushabuerint

73 483 98 524 et
111 481 162 524 dein
176 480 338 524 convaluerint.
352 480 416 529 Quod
426 481 445 523 si
457 483 547 523 accedat
559 483 581 523 et
591 493 655 530 sacra
666 481 750 533 uncti0,

70 554 124 597 quae
135 541 240 584 etiamad
255 540 355 595 corporis
367 540 487 583 sanitatem
498 540 671 594 restituendam,
682 540 750 582 insti-

73 604 124 645 tuta
134 604 175 652 est,
188 600 238 656 plus
252 601 300 655 spei
311 599 355 642 erit
368 612 373 643 :
387 599 461 643 animo
473 600 578 643 nimirum
593 599 718 643 confortato
729 602 755 645 ct

70 674 154 716 eorpus
170 660 298 704 roboratur.
310 658 358 703 Nee
370 659 461 703 omittat
472 661 584 713 sacerdos,
597 659 691 716 plebeiis
701 659 754 702 exi-

74 732 135 762 mere
147 719 323 774 persuasionem,
335 719 394 774 quod
405 733 448 761 non
459 720 527 762 liceat
540 720 631 763 inuncto
648 719 752 774 deinceps

74 779 166 832 saltare,
179 778 217 820 vel
231 779 296 821 nudis
309 778 402 835 pedibus
417 777 529 832 incedere,
542 780 579 822 ubi
595 779 664 822 semei
675 783 753 821 extre-

56 871 58 873 .
73 850 133 881 mam
148 837 276 881 unctionem
287 837 422 893 acceperint.
440 837 525 881 Deinde
538 837 657 882 eiiciantur
671 838 702 893 pii
716 837 753 880 af·
779 850 780 854 ¹

73 899 153 949 tectus,
163 902 188 941 ut
199 912 275 953 supra,
285 897 322 940 vel
332 898 388 940 fides
398 897 425 940 de
437 896 478 941 hoc
490 902 639 952 sacramento,
651 910 701 953 spes
711 899 752 941 ob-

73 957 159 1001 tinendi
168 958 287 1013 promissa,
300 970 363 1001 amor
374 957 415 1001 Dei
425 959 473 1000 tam
482 957 542 1011 boni,
555 958 681 1013 gratiarum
693 958 751 1000 actio

54 1050 56 1052 .
73 1031 114 1074 pro
134 1018 249 1060 occasione
270 1017 405 1073 suscipiendi
427 1020 593 1060 sacramentum
614 1018 663 1070 hoc,
687 1017 751 1073 cnjus

30 1078 32 1081 ’
73 1077 148 1121 fructu
159 1082 206 1120 tam
217 1077 287 1121 multi,
299 1078 460 1121 destituuntur.
474 1077 575 1133 Dumque
586 1077 703 1132 inungitur
715 1078 752 1118 in-

72 1137 160 1190 firmus,
179 1140 271 1193 occupet
289 1137 373 1193 sepiis
393 1136 509 1180 affectibus
525 1149 529 1181 :
548 1137 629 1193 JESU,
648 1136 693 1180 Fili
710 1137 752 1180 Dei

73 1197 129 1248 rivi,
138 1198 246 1240 miserere
255 1197 300 1240 mei
307 1196 311 1240 1
319 1195 435 1253 Propitius
442 1200 490 1240 esto
496 1197 552 1240 mihi
559 1196 681 1252 peccatori!
689 1198 752 1256 Bone

19 1264 20 1267 ’
71 1258 155 1308 =JESU,
175 1259 211 1298 dic
229 1257 309 1299 animae
328 1270 384 1299 meae
402 1269 407 1299 z
429 1257 495 1300 Salus
511 1260 551 1300 tua
570 1270 611 1311 ego
626 1254 688 1300 sumi
707 1260 749 1299 etc.

73 1317 167 1360 Demum
179 1319 271 1372 peracta
279 1315 408 1359 inunctione
418 1315 531 1358 animetur
541 1315 679 1358 adfiduciarn
691 1316 753 1358 sani-

73 1377 135 1430 tatis,
150 1377 216 1420 siita
226 1376 343 1431 expediat,
357 1376 424 1419 simui
432 1378 509 1419 tamen
521 1376 680 1430 auperfeetam
691 1375 752 1418 resi-

5 1433 7 1435 ’
72 1437 211 1490 guadionem,
221 1435 358 1490 finiaturque
368 1436 481 1478 consuetis
490 1435 637 1480 orationibus.
648 1436 719 1490 Quod,
726 1438 750 1478 si

71 1497 95 1538 in
105 1496 183 1538 morbo
195 1496 300 1538 diuturno
311 1494 436 1551 periculum
447 1497 498 1550 post
509 1496 584 1537 datam
595 1508 683 1538 sacram
694 1508 750 1537 unc-

71 1556 156 1599 tionem
167 1554 263 1609 desinat,
272 1558 296 1599 et
307 1556 358 1599 dein
369 1555 451 1597 iterum
460 1555 546 1609 redeat,
558 1555 638 1598 1terari
650 1560 752 1599 extrema

48 1616 50 1618 ’
72 1614 147 1659 unctio
156 1619 231 1671 potest
243 1626 249 1658 ε
264 1615 348 1658 iterata
358 1616 434 1657 tamen
446 1613 469 1656 in
478 1615 555 1658 eodem
566 1615 644 1657 morbo
656 1617 679 1658 et
689 1615 752 1671 peri-

72 1675 121 1717 culo
135 1678 194 1717 esset
205 1674 280 1728 irrita,
293 1674 327 1716 uti
338 1676 362 1715 et
374 1673 456 1716 collata
467 1687 510 1716 non
522 1675 634 1729 graviter,
644 1675 681 1716 vel
689 1674 752 1729 peri-

70 1734 146 1777 culose
157 1733 270 1778 laboranti
280 1731 322 1791 (l).
334 1732 393 1776 Hinc
403 1733 444 1777 tali
454 1734 588 1778 adveniente
599 1733 699 1790 periculo
708 1733 751 1777 ite·

71 1807 121 1837 rum
132 1795 212 1847 danda,
223 1794 242 1837 si
252 1795 305 1837 data
313 1793 508 1848 extrapericulum
515 1793 603 1838 fuisset.

101 1852 154 1896 225.
171 1878 201 1886 -
211 1855 282 1909 Resp.
294 1853 335 1897 IV.
351 1854 429 1897 Danda
443 1855 546 1897 extrema
560 1852 635 1897 unctio
651 1855 749 1909 tantum,
771 1880 772 1883 =

71 1914 160 1969 quando
176 1912 293 1962 constituti
311 1914 364 1957 sunt
374 1913 497 1957 infirmivin
513 1912 613 1969 periculo
630 1914 711 1970 mortis
722 1927 751 1956 ex

70 1971 204 2016 infirmitate
220 1971 329 2028 corporis,
346 1986 369 2018 v.
386 1986 410 2030 g.
427 1972 494 2029 febri,
511 1973 611 2028 taesione,
628 1972 751 2032 indisposi-

69 2034 140 2086 tione,
153 2032 191 2075 vel
203 2033 319 2077 debilitate
329 2032 430 2091 eorporis
442 2032 484 2092 (2).
497 2033 556 2077 Hinc
567 2034 639 2078 danda
655 2036 691 2079 est
701 2047 749 2089 reo,

69 2093 108 2149 qui
118 2094 209 2148 sumpto
218 2105 304 2135 veneno
313 2097 430 2150 exspectat
439 2095 550 2150 mortem3
563 2093 670 2139 existenti
678 2093 701 2137 in
712 2106 751 2150 pe-

77 2228 79 2234 ’
93 2244 117 2294 n)
126 2245 152 2284 cf.
163 2247 181 2285 s.
190 2245 243 2291 upa.
253 2244 349 2293 anau
358 2247 379 2287 a.

67 2294 81 2335 ,·
89 2294 117 2341 n]
125 2293 151 2332 u.
161 2294 179 2331 s.
191 2294 244 2341 upa
253 2293 271 2340 a,
281 2294 324 2332 712.
