1577 2464
51 74 127 129 -3183
142 88 375 130 nno-conressnaius
388 90 502 130 rancrrcn
517 85 658 130 insrancuns
728 74 729 77 Ἴ

61 183 183 227 admittere
197 185 221 225 et
232 180 358 226 ‘arceantur
371 184 438 227 nimis
456 184 541 228 crebrae
555 183 699 227 visitationes
718 189 751 230 et

61 241 250 300 complorationes
266 249 393 301 parentum,
410 244 541 298 liberorum,
560 244 747 301 consanguineo-'

6 346 7 349 ,
60 318 120 358 rum,
140 303 218 348 uxoris
231 308 273 349 :et
288 304 386 349 maxime
398 307 501 361 aspectus
516 317 601 359 eorum,
620 304 742 362 exquibus

1 389 10 400 κ
60 366 138 422 posset
147 364 244 408 tentatio
255 366 283 408 ad
293 369 408 421 peccatum
416 365 561 408 reviviscere.

4 468 6 471 ,
43 442 47 456 ¹
90 426 113 469 3.
135 423 241 477 Curatur,
264 428 290 468 ut
306 437 377 469 sacrae
395 424 479 470 Christi
498 423 599 468 crncifixi
618 423 740 481 imagines,

1 497 2 500 ’
28 509 30 511 >
44 498 46 508 ¹
60 485 89 530 Β.
101 484 213 539 Virginis,
227 484 309 539 Angeli
320 484 432 538 Custodis,
445 489 506 540 etc,⁴
516 485 543 527 ob
556 483 631 527 oculos
648 486 740 528 decum-

33 548 48 598 g
61 545 136 589 nentis
147 548 270 600 ponantur;
283 544 356 599 sitque
367 546 395 587 ad
404 558 496 588 manum
505 558 563 600 aqua
573 544 683 597 lustralis,
697 559 741 600 qua

22 626 28 652 ς
46 603 193 661 “frequenter
201 607 336 658 aspergatur
345 603 448 648 infirmus
457 609 480 649 et
489 604 596 661 fugentur
605 603 741 651 infestantes

22 676 23 679 ’
61 665 182 708 daemones.

53 742 56 747 ·
91 726 113 766 4
126 723 246 765 Moneatur
259 721 360 765 suaviter
371 724 398 766 de
409 723 490 766 mortis
506 724 605 780 periculo
620 725 643 769 et
658 725 742 769 breves

11 814 13 818 -
26 785 28 793 ”
47 838 49 840 ¹
61 782 155 826 affectus
166 782 198 837 pii
210 783 369 837 suggerantur.

90 843 112 888 5,
131 840 155 886 Si
172 842 274 885 sensibus
289 841 366 885 videat
357 844 395 885 tur
411 841 506 886 destitui
471 844 542 897 tritus,
560 844 702 900 suggerenda
719 844 740 888 ei

60 917 125 949 sacra
135 905 224 946 nomina
234 906 258 946 et
268 903 372 946 eliciendi
382 905 435 947 sunt
443 903 525 946 breves
534 906 598 948 actus
607 904 659 947 fidei
663 905 740 960 ,spei,

18 966 20 969 '
60 964 148 1007 charita
135 962 178 1005 atis
182 962 412 1018 ‚resignationis‚etc
400 963 739 1019 c,sednonnimisaltavoce;

60 1025 112 1079 quia
123 1023 263 1077 experientia
277 1025 374 1075 constat,
383 1023 459 1078 aegris
469 1026 561 1066 acutum
572 1030 621 1066 esse
634 999 739 1068 audituri

40 1111 42 1113 ·
60 1086 84 1125 et
93 1082 196 1138 graviter
205 1081 274 1136 affligi
284 1095 339 1124 voce
351 1056 390 1124 alt
374 1085 440 1124 trore.
454 1083 532 1131 Juvat,
545 1084 573 1125 ad
584 1083 686 1125 cranium
699 1097 741 1126 ca·

59 1142 114 1198 pitis
123 1140 198 1197 potius
206 1140 305 1184 formare
316 1154 392 1195 voces,
408 1142 512 1196 quemad
524 1154 590 1185 aures
601 1141 670 1197 ipsas.
685 1142 740 1186 Suc-

59 1201 146 1245 cessive
158 1200 250 1244 auribus
258 1200 343 1244 infirmi
350 1200 424 1255 ingeri
434 1204 508 1255 potest
519 1211 524 1244 :
537 1200 619 1254 JESU,
630 1201 675 1244 Fili
686 1202 737 1256 Dei,

59 1261 169 1306 miserere
182 1257 240 1304 meil
256 1260 339 1313 Maria,
355 1260 431 1305 Mater
448 1260 537 1315 gratiae,
554 1261 630 1305 Mater
646 1260 739 1305 miseri-

59 1322 150 1377 cordiae,
161 1324 232 1377 tujme
241 1321 268 1365 ab
277 1322 342 1366 hoste
351 1319 458 1378 proteget
467 1321 489 1368 N
492 1335 533 1366 unc
542 1323 564 1365 te
576 1325 678 1367 monstra
689 1335 739 1368 esse

58 1379 169 1427 Matreml
182 1381 268 1437 Angele
280 1382 329 1429 Dei.
342 1385 417 1425 custos
431 1382 484 1435 mei,
497 1381 591 1425 defende
602 1395 646 1434 me,
659 1396 740 1438 nepe·
781 1436 783 1438 Ι

4 1453 7 1456 ’
58 1439 133 1485 reaml
145 1441 238 1484 Domine
249 1439 334 1484 Jusut
347 1455 387 1496 per
402 1441 575 1484 amaritudinem
586 1441 658 1495 illam,
671 1455 739 1496 quarn

57 1513 99 1557 pro
110 1513 146 1544 me
160 1499 183 1542 in
198 1513 264 1542 cruce
278 1500 420 1552 sustinuisti3
432 1500 538 1552 maxime,
555 1498 605 1543 cum
621 1500 739 1551 benedicta

57 1561 133 1603 anima
138 1557 179 1603 tua
186 1560 333 1615 egrederetur
342 1560 469 1614 decerpere
478 1563 526 1612 tuo,
538 1559 647 1602 miserere
654 1560 738 1604 animae

57 1635 113 1665 meae
132 1620 155 1662 in
171 1634 265 1676 egressu
281 1633 329 1664 suo.
347 1619 426 1663 Beatae
442 1618 531 1674 animae,
552 1619 632 1676 quibus
648 1633 746 1677 quoquo·

57 1683 123 1725 modo
149 1681 255 1725 solatium
283 1679 349 1724 attuli
372 1680 499 1735 aliquando,
522 1693 581 1724 nune
598 1684 738 1728 mementote

57 1741 115 1786 meil
128 1745 171 1784 etc.

88 1801 110 1844 6.
121 1800 146 1843 Si
155 1801 246 1843 morbus
253 1800 283 1843 sit
290 1800 442 1855 contagiosus,
452 1800 558 1855 exquirat
564 1800 647 1854 media,
656 1801 738 1857 quibus

57 1863 223 1918 praecaveatur,
237 1873 264 1902 ne
280 1860 384 1903 sacerdos
398 1863 421 1904 et
437 1859 527 1903 infirmo
543 1860 670 1905 servientes
684 1860 738 1904 inn-

24 1941 36 1998 j
56 1920 153 1962 ciantur.
164 1919 250 1961 Caveat
258 1918 378 1973 imprimis,
391 1934 418 1960 ne
430 1919 576 1974 propinquius
585 1920 692 1974 accedens
703 1922 738 1963 at-

55 1980 135 2023 trahat
150 1972 246 2021 halitum
257 1978 349 2031 infirmi,
367 1981 405 2021 aut
421 1978 522 2022 nidorem
540 1982 645 2022 movente
658 1992 682 2023 se
698 1978 738 2023 in·
769 2022 771 2025 ,

37 2034 42 2103 l
55 2039 122 2082 firmo
133 2039 162 2081 et
178 2037 236 2079 lecto
247 2039 424 2092 provenientem,
437 2041 515 2082 sedeat
524 2038 552 2081 ad
563 2041 630 2095 caput
641 2038 735 2095 infirmi,
748 2037 749 2041 ’

31 2105 41 2191 p'
55 2112 99 2143 non
111 2100 185 2153 ipsum
197 2097 257 2140 inter
273 2100 295 2141 et
306 2098 389 2153 ignem,
408 2098 444 2141 vel
460 2098 592 2152 fenestram,
605 2097 686 2154 quibus
696 2111 739 2143 aer

33 2192 37 2215 ,
55 2159 153 2204 infectus
169 2157 302 2203 attrahitur.
318 2158 387 2203 Curet
400 2158 460 2212 fieri,
477 2158 609 2216 priusquam
625 2156 697 2204 intret
711 2157 736 2207 in

55 2219 182 2263 cubiculum
204 2217 297 2271 infirmi,
325 2218 423 2263 suffitum
442 2233 471 2264 ex
491 2219 569 2276 granis
588 2217 691 2277 juniperi
711 2219 738 2266 et

3 2285 23 2318 v*
54 2280 169 2325 flammam
178 2293 206 2324 ex
217 2279 280 2335 ligno
288 2277 308 2335 ej
313 2292 349 2335 us;
360 2279 379 2324 si
390 2281 438 2324 haec
446 2294 490 2324 non
501 2278 670 2339 praecesserint,
682 2291 737 2340 aper,
