1567 2412
265 55 450 129 prostremus
465 83 490 115 ιν
692 70 720 114 13

33 174 103 227 cabit,
115 175 232 218 examinet
240 173 449 228 etiam'magnates‚
462 172 567 229 exemplo
577 172 718 227 confessarii,

33 234 72 290 qui
89 234 166 278 audita
181 231 257 278 Caroli
274 232 304 276 V.
317 231 463 288 imperatoris
472 231 621 287 confessione,
638 232 696 276 dixit
712 243 717 276 :

34 293 155 338 Confessus
174 307 199 338 es
216 295 309 350 peecata
328 291 413 346 Caroli,
430 290 479 349 jam
499 292 607 338 confitere
627 294 720 347 peecata

33 352 193 408 imperatoris3
203 352 339 409 poenitentes
349 351 409 395 enim
420 364 498 395 omnes
513 352 536 395 in
547 365 612 395 sacro
623 352 666 394 hoc
675 351 721 394 tri-

33 413 110 456 bunali
128 412 162 455 rei
180 414 246 468 sunt3
259 410 410 455 confessarius
424 411 497 468 judex
512 410 561 455 loeo
579 411 634 463 Dei;
648 423 721 466 neque

34 472 138 516 Christus
147 471 216 515 aliam
226 471 301 528 legem
311 471 411 516 condidit
423 485 465 527 pro
475 470 568 516 rusticis
579 475 602 515 et
613 470 718 527 plebeiis,

35 531 102 576 aliam
115 544 155 588 pro
170 531 281 576 nobilibus
295 535 319 576 et
332 531 486 588 magnatibus,
499 531 538 576 sed
554 532 633 576 eadem
648 529 722 574 voluit

35 605 112 636 omnes
121 592 203 637 teneri.

302 740 402 784 CAPUT
418 740 451 783 IV

78 852 194 908 Qttemodo
206 851 355 899 instruendas
365 856 387 898 ct
398 851 553 898 admonendas
561 853 681 912 peniteas.

35 968 53 1006 s.
64 965 179 1004 instmeudus
188 965 303 1011 necessariis,
312 965 327 1002 si
337 969 409 1002 notetur
419 964 509 1012 ignorare.
517 982 541 992 -
550 965 567 1003 6,
577 966 610 1002 Vei
620 965 642 1003 ad
651 971 722 1012 tempus

59 1014 183 1059 remittendus,
192 1015 207 1049 si
216 1014 280 1049 instrui
290 1023 326 1047 nou
336 1014 393 1057 possit
401 1017 419 1047 et
428 1022 478 1047 mora
486 1012 605 1057 permutatos
614 1031 638 1039 -
647 1014 664 1049 Ἰ.
675 1015 722 1057 Quid

60 1060 147 1105 agendum
157 1060 273 1101 confessario,
283 1059 299 1094 si
309 1059 397 1103 penitens
405 1063 467 1103 peccat
476 1067 497 1092 ex
507 1057 621 1103 ignorantis?
629 1078 653 1085 -
660 1060 677 1094 8.
689 1061 722 1095 Ex·

60 1106 127 1143 citandi
137 1108 241 1151 prenitentes
249 1106 272 1141 ad
280 1105 378 1140 christiane
387 1104 490 1140 vivendum.
498 1121 522 1129 -
530 1103 548 1141 9.
557 1105 648 1147 Quomodo
659 1106 722 1142 adno-

35 1160 36 1164 ’
60 1153 105 1190 nitio
114 1157 132 1188 et
140 1153 255 1201 reprehensio
265 1150 362 1187 iacienda?
420 1175 423 1180 -

67 1253 90 1298 5.
98 1276 129 1286 —
138 1252 210 1309 Resp.
221 1252 239 1296 I.
250 1253 305 1301 Quae
316 1251 451 1308 poenitentes
462 1252 502 1294 aut
513 1250 604 1305 debent,
614 1250 722 1296 aututili·

37 1316 74 1356 ter
85 1312 166 1356 saltem
176 1312 251 1355 doceri
263 1314 286 1354 et
296 1310 384 1353 moueri
398 1313 500 1366 possunt,
511 1314 564 1354 sunt
581 1311 602 1354 l.
616 1324 722 1354 necessa-

37 1372 73 1417 ria
88 1370 146 1415 scitu
163 1370 299 1415 necessitate
314 1369 392 1414 medii.
408 1369 431 1414 2.
447 1368 567 1425 Requisita
583 1370 611 1414 ad
629 1370 722 1426 dignam

33 1431 175 1477 vsacramenti
189 1430 329 1488 poenitentiae
347 1433 371 1474 et
385 1429 530 1473 eucharistiae
546 1432 720 1488 susceptionem.

37 1494 60 1537 3.
73 1493 107 1535 Ea
116 1491 260 1547 quaefaciuut
268 1491 297 1534 ad
306 1490 448 1546 deponendos
457 1502 555 1543 errores,
564 1491 644 1547 quibus
653 1504 723 1547 quan·

38 1553 111 1608 doque
122 1551 234 1595 laborant.
247 1552 269 1594 4.
284 1550 447 1606 Obligationes‚
463 1562 518 1605 quas
529 1549 589 1593 forte
600 1553 723 1594 contraxe-

38 1614 101 1664 runt,
117 1624 140 1654 v.
158 1623 181 1666 g.
195 1609 329 1655 restituendi
342 1610 435 1664 famam,
450 1610 610 1666 compensandi
628 1612 720 1666 damna,

38 1670 168 1728 corrigendi
177 1670 305 1728 proximum
314 1673 358 1714 ete.

68 1733 92 1777 6.
102 1755 132 1763 -
141 1731 210 1788 Resp.
224 1731 254 1774 ΙΙ.
268 1730 293 1774 Si
303 1729 453 1774 confessarius
462 1731 526 1773 notet
537 1730 606 1774 etiam
618 1744 669 1774 eum
678 1732 723 1776 du-

39 1791 87 1846 bio,
98 1790 245 1847 poenitentem
259 1790 366 1846 ignorare
378 1789 436 1833 scitu
449 1790 577 1833 necessaria
587 1791 723 1834 necessitate

35 1851 109 1896 medii
120 1849 158 1893 vei
170 1850 198 1894 ad
214 1849 352 1893 sacramenti
368 1849 509 1905 poenitentiae
520 1853 559 1894 aut
577 1850 722 1895 eueharistiae

33 1910 214 1967 susceptionem,
234 1909 337 1953 remittat
358 1922 409 1953 eum
427 1909 454 1952 od
475 1909 632 1963 aliumdiem,
653 1911 724 1955 donee

40 1972 105 2014 curet
116 1982 141 2013 se
151 1969 232 2012 melius
246 1968 415 2023 instruendum3
427 1970 467 2011 aut
478 1968 498 2011 si
509 1981 559 2011 eum
571 1969 619 2011 sine
631 1970 723 2013 absolu-

39 2031 102 2076 tione
112 2028 198 2074 dimitti
211 2043 254 2073 non
270 2028 384 2085 expediat,
395 2028 479 2073 auditis
493 2029 621 2073 necessario
632 2030 723 2075 audien-

40 2091 84 2144 dis,
104 2091 213 2146 quantum
234 2088 326 2147 poterit,
347 2088 455 2146 spectatis
475 2088 652 2134 circumstantiis
670 2103 722 2135 eum

31 2153 122 2195 doceat
139 2150 213 2207 magis
231 2149 372 2203 necessaria3
392 2149 427 2193 ita
439 2151 465 2192 ut
482 2151 606 2205 prudenter
620 2150 723 2205 judicare

41 2209 122 2269 possit,
134 2210 191 2253 satis
200 2209 249 2266 Jam
261 2209 438 2266 apprehendere,
448 2210 474 2251 ut
487 2208 555 2252 fidem
570 2210 652 2252 habeat
662 2209 725 2255 eirca

43 2268 179 2325 necessaria,
191 2269 311 2327 elicietque
321 2282 372 2313 cum
382 2282 409 2313 eo
419 2270 496 2314 actum
506 2268 567 2324 fidei,
577 2269 634 2325 spei,
646 2268 725 2316 chari-
