1577 2464
201 34 205 95 f
254 48 454 90 eaas111,cnrur
469 47 494 79 11
631 59 633 62 <
668 32 728 77 349¹

34 142 99 187 (lent.
112 139 135 183 3.
147 152 201 183 casu
211 138 249 193 al,
260 140 284 181 et
297 136 362 190 alios,
374 149 466 178 monere
484 149 507 178 r.
519 148 563 193 ,gn
576 135 712 188 carnificem,

35 203 61 245 ut
71 200 139 254 eaput
151 197 220 251 illius,
240 196 277 252 qui
288 194 427 251 frangendus
441 194 512 236 estin
522 196 581 249 rota,
602 195 714 251 percutiat

37 258 111 303 valido
122 258 177 313 ictu,
190 260 215 301 ut
229 257 288 300 ratio
299 255 343 312 ipsi
353 255 457 298 turbetur
468 256 491 297 et
500 264 592 309 peceare
607 267 650 298 non
660 267 715 311 poe·

34 320 74 371 sit,
87 332 114 362 eo
130 318 188 374 quod
202 316 267 371 talia,
279 315 299 359 ai
314 314 441 359 necessaria
460 313 506 358 sint
517 314 544 357 ad
557 313 661 368 salutem,
678 313 716 358 vel

35 379 102 422 valde
113 379 245 429 conducant,
255 389 298 418 non
309 377 436 431 repugnent
444 374 542 417 lenitari.
551 373 630 417 Videri
641 376 716 429 potest
736 398 738 400 ·
783 410 785 413 .

35 439 68 483 La
87 438 182 484 Groixl.
204 437 227 479 7.
240 449 262 480 n.
283 434 336 489 522,
353 434 391 478 ubi
410 447 439 479 ex
458 434 559 490 pluribus
579 433 714 487 ostenditur,
764 441 766 444 ·

37 500 94 553 quod
102 496 260 552 irregularitas
272 509 299 537 ex
316 494 404 538 defectu
417 493 518 537 lenitatis
530 494 616 536 statuta
626 495 716 537 tantum

36 557 67 600 sit
78 555 188 599 ministris
194 553 291 611 Justitiae
299 552 332 613 (l)
342 555 365 599 et
374 553 411 608 iis,
421 553 459 609 qni
466 552 558 610 propria
568 564 636 596 manu
648 550 718 595 alium

37 617 59 660 in
70 616 129 660 bello
138 615 201 671 justo
212 614 331 670 occideret,
345 614 381 658 vel
395 613 521 670 mutilaret,
530 615 573 658 eto.
588 613 627 657 sed
637 613 665 657 de
681 612 718 656 his

36 674 182 733 pluraalibi.·
639 701 641 703 »

294 815 393 861 CAPUT
418 815 460 860 XI.

39 915 104 970 anta
112 915 254 973 Confrrsurio
266 914 427 961 obseruandum
439 914 500 960 eirea
508 914 719 972 prenitenteaoariia

213 976 375 1021 tornutionibus
396 974 542 1033 enupitutor?
769 981 771 983 ’

37 1074 80 1110 att.
91 1074 200 1110 Tentatienis
212 1074 288 1109 utilitas.
298 1090 322 1100 -
333 1073 350 1108 l⁰
364 1072 475 1117 Remedium,
490 1073 553 1109 oratio.
563 1091 587 1099 -
596 1073 615 1108 2⁰
629 1074 692 1118 Magna
702 1075 721 1109 in

63 1121 116 1155 Deum
126 1120 198 1156 tidueia.
209 1138 233 1146 -
242 1120 261 1155 3⁰
272 1120 311 1155 Non
324 1120 407 1156 altercari
418 1130 458 1156 unm
471 1121 529 1155 hoste.
538 1138 561 1146 -·
572 1121 590 1155 [1⁰
599 1120 721 1155 Tentationem

63 1168 132 1212 aperire
145 1167 192 1202 Patri
207 1167 303 1213 spirituaii.
313 1185 337 1194 —-
351 1167 369 1202 5⁰
380 1169 466 1202 Eneroere
483 1168 566 1202 virtutem
582 1168 688 1211 oppositam.
697 1186 721 1194 -

62 1214 109 1260 Quid
123 1214 216 1258 agendum,
229 1214 244 1248 si
257 1215 324 1248 oriatur
334 1215 407 1248 tentatio
418 1212 490 1248 earnis?
500 1231 523 1239 -
534 1213 587 1256 Quid,
596 1214 611 1247 si
620 1214 643 1249 ad
652 1212 723 1248 uindic-

4 1283 6 1288 ,
63 1258 113 1294 tam‘l
121 1278 144 1285 -
155 1260 173 1294 Si
182 1260 204 1294 de
215 1258 386 1304 predestinatione?
397 1259 480 1303 -Quid,
492 1259 507 1294 si
517 1260 540 1293 sit
550 1260 622 1294 tentatio
631 1259 723 1294 conditiu-

52 1304 149 1340 mut-
161 1305 207 1346 Quid
225 1307 240 1340 si
255 1305 350 1351 aspicienti
363 1315 392 1340 res
408 1306 498 1351 honestae,
513 1305 542 1340 rel
559 1315 619 1340 saunas
634 1306 723 1352 imagines

64 1351 130 1387 oriatur
141 1349 230 1387 tentatie‘l
471 1375 472 1380 ,

76 1438 128 1498 244.
140 1441 210 1496 Resp.
223 1439 355 1483 Generatim
366 1440 415 1483 haee
424 1453 429 1483 ι
439 1440 458 1483 Ι.
468 1439 573 1483 Tentatio
584 1441 619 1482 est
629 1439 724 1483 illioium

44 1498 73 1542 ad
85 1502 210 1556 peceatum,
224 1512 263 1544 seu
280 1500 361 1544 bonum
372 1499 477 1558 sensibile
487 1498 628 1558 propositum
642 1499 726 1545 volun·
750 1547 753 1560 ἦ

47 1560 98 1614 tati,
115 1574 158 1617 quo
175 1559 304 1615 inclinatur,
323 1561 360 1604 vel
371 1561 470 1605 allicitur
488 1561 516 1604 ad
525 1560 655 1605 violandum
664 1574 726 1617 prae-
738 1570 750 1630 'p

46 1623 143 1676 ceptum,
155 1623 272 1677 potestque
290 1635 339 1664 esse
350 1622 416 1674 levis,
437 1621 474 1664 vel
485 1621 570 1676 gravis,
583 1620 620 1663 vel
635 1623 727 1677 '‘gravis-
746 1636 747 1639 ¹

49 1680 114 1734 sima,
136 1683 203 1735 prout
222 1680 257 1723 vis
273 1681 378 1724 movendi
395 1680 510 1736 languida,
535 1680 572 1723 vel
592 1693 672 1737 parra,
689 1681 728 1724 vel

47 1740 178 1794 vehemens,
201 1739 238 1782 vel
249 1739 449 1784 vehementissima
467 1742 509 1783 est.
525 1740 548 1783 2.
566 1740 672 1783 Tentatio
690 1742 728 1784 vel
755 1779 758 1781 μ

51 1800 125 1842 oritur
141 1811 154 1842 a
168 1801 245 1842 nostra
256 1804 363 1854 corrupta
376 1803 465 1852 natura,
483 1800 516 1841 nti
527 1799 579 1843 dum
601 1813 615 1842 a
630 1800 729 1843 motibus

51 1859 153 1915 eorporis
171 1858 207 1903 vis
220 1857 369 1913 imaginativa
385 1861 409 1903 et
424 1858 552 1903 intellectus
571 1859 684 1905 excitatur
701 1862 729 1905 ad

54 1917 204 1975 cogitationes
219 1918 304 1971 malas;
320 1919 355 1960 vel
366 1933 380 1961 a
400 1921 509 1973 daemone,
521 1922 547 1963 ut
557 1920 610 1963 dum
626 1921 727 1975 objectis,
783 1932 784 1936 ’

48 1978 86 2021 rel
98 1978 165 2022 motis
177 1978 293 2037 speciebus
301 1977 367 2024 scedis
378 1978 401 2023 in
413 1979 541 2037 phantasia,
557 1993 607 2024 enm
615 1983 691 2024 moret
702 1980 729 2024 ad

49 2041 235 2096 repraesentanda
254 2039 342 2096 objecta
358 2039 475 2084 sensibilia
490 2041 559 2096 mala,
572 2045 689 2097 motusque
707 2041 730 2083 in

29 2188 30 2192 ,
69 2149 94 2196 (i)
103 2163 114 2186 «
124 2151 245 2196 irregularitas
254 2151 291 2186 haee
300 2160 321 2185 en
329 2150 399 2185 defectu
410 2151 490 2188 lenitatis
499 2153 567 2187 initiata
577 2158 603 2186 est
612 2157 678 2186 tantum
689 2160 731 2185 eon·
743 2154 745 2159 ⁴

45 2198 158 2232 currentibus
168 2198 191 2232 ad
198 2198 310 2233 occasionem
319 2203 349 2231 aut
356 2198 487 2235 mutilationem
495 2204 514 2234 ut
522 2199 608 2233 mimstris
618 2196 730 2241 necessariis,

48 2251 83 2278 non
94 2253 135 2280 reno
145 2244 215 2280 altis.»
224 2244 243 2279 S.
253 2244 306 2289 Alpln
318 2242 385 2287 utta

651 2299 765 2379 au,¹
