1577 2464
271 124 334 155 rans.
346 123 377 165 11,
390 100 465 153 carun
480 121 493 152 1.
697 110 729 156 75
781 158 782 161 ,

6 220 8 223 “
42 216 103 275 pitur
113 228 142 256 ex
155 212 239 255 olfactu
250 209 454 263 fioris„anditionez
462 209 565 264 musicae,
578 209 655 264 sapido
667 211 726 265 cibo,

41 275 92 317 visu
103 272 213 317 modestae
222 269 337 326 imaginis,
349 273 413 313 tactu
422 268 557 325 holoserici;
570 271 594 312 et
604 269 655 312 haec
665 270 692 312 de
703 284 727 314 se

43 334 101 379 mala
112 346 156 374 non
168 334 211 373 est.
222 330 327 373 Garnalis
341 332 384 381 est,
397 342 448 385 quae
459 329 585 384 percipitur
596 342 624 371 ex
640 328 728 383 objecto

43 392 137 446 carnali,
154 390 232 444 idest,
250 389 289 432 vel
299 402 406 441 venereo,
423 389 462 432 vel
477 389 558 432 saltem
569 390 657 431 remote
675 390 728 446 apto

43 454 70 498 tle
81 465 106 496 se
116 463 210 495 movere
219 450 247 494 ad
257 463 363 494 venerea.
375 450 480 495 Venerea
487 452 530 504 est,
542 452 592 506 qnae
603 449 728 505 percipitur

42 524 71 559 nx
82 512 170 568 objecto
186 523 293 562 venereo,
312 524 336 554 v.
349 524 372 566 g.
389 510 453 567 turpi
470 512 541 564 tactu,
553 509 593 561 uel
610 512 703 565 aspectu
721 522 726 553 ε

42 569 92 621 iaec
103 569 201 614 sentitur
208 570 270 613 circa
279 572 356 627 partes
367 569 479 627 genitales
491 584 521 614 ex
528 570 678 613 commotione
689 582 728 612 εθ-

44 631 112 680 minis
131 633 155 674 et
166 631 287 686 spirituum
300 631 443 687 generationi
455 630 613 682 servientium,
626 629 727 685 quisunt

42 690 207 735 subtilissimus
216 690 309 745 sangnis
319 690 414 733 velutin
424 703 502 733 aerem
511 693 656 741 extenuatus,
663 692 687 732 et
696 689 728 733 fa-

44 750 127 793 cillime
151 749 249 793 mobilis.
261 749 341 793 Oritur
359 751 437 793 autem
453 749 494 792 illa
509 749 630 793 commotio
645 747 683 792 vel
701 762 729 792 ex

43 808 207 865 imaginatione
227 808 309 866 objecti
327 808 410 865 turpis,
427 808 510 853 velex
524 807 675 854 mordacitate
690 820 730 867 se-

44 868 213 924 ministrator
228 869 277 927 eJ'us
291 874 314 913 et
329 868 456 927 spirituum
470 868 604 926 genitalium
615 868 693 926 copia,
706 871 730 914 et
766 912 771 919 ,

43 929 128 973 dicitur
147 942 253 984 venerea,
275 929 328 986 quia
352 929 424 974 servit
442 930 470 973 ad
491 930 670 987 generationem,
692 930 745 974 cuis

43 990 129 1034 ethnici
144 1002 260 1043 venerem,
276 994 385 1046 tanquam
401 992 481 1044 Deam,
501 991 622 1047 praesidem
639 992 729 1035 statne-

44 1052 105 1093 rnnt.
122 1049 249 1094 Delectatio
260 1051 358 1094 carnalis
370 1064 413 1093 non
425 1064 523 1093 venerea
534 1057 578 1104 est,
591 1064 640 1107 quae
651 1050 729 1094 conci-

44 1110 106 1169 pitur
117 1123 146 1152 ex
157 1110 245 1166 objecto
264 1110 351 1153 carnali
362 1110 461 1168 quidem,
475 1112 514 1153 sed
529 1112 591 1153 dese
606 1125 649 1153 non
667 1111 729 1167 turpi

44 1169 93 1213 sine
104 1169 254 1214 delectatione
265 1183 372 1224 venerea,
391 1173 444 1226 apto
455 1173 532 1214 tamen
549 1171 630 1214 saltem
642 1178 730 1214 remote

44 1228 73 1271 ad
83 1229 141 1271 hanc
150 1241 251 1271 movere.
264 1229 327 1272 Talis
342 1242 391 1272 esse
402 1232 486 1286 potest,
499 1241 548 1285 quae
564 1229 690 1285 concipitur
702 1242 730 1272 ex

45 1291 194 1332 tactumanus
201 1285 313 1343 mulieris,
323 1302 352 1333 ex
359 1293 452 1345 aspectu
459 1289 562 1344 formosi,
575 1289 614 1332 vel
624 1290 730 1334 formosae

45 1347 204 1403 adolescentis,
217 1352 271 1404 etc,
287 1349 336 1393 haec
349 1349 430 1394 sentiri
445 1349 504 1395 solet
514 1349 575 1395 circa
589 1352 730 1406 pectuscum

44 1408 120 1463 aliquo
138 1408 222 1463 calore,
241 1411 264 1452 et
280 1409 344 1465 quasi
355 1410 468 1452 emotione
479 1409 605 1465 sanguinis,
623 1413 646 1454 et
660 1410 730 1466 spiri·
779 1461 782 1465 ‚

45 1470 110 1511 tuum
121 1468 262 1513 animalium.
272 1469 294 1513 3.
308 1469 422 1525 Cogitatio
431 1470 458 1513 de
468 1470 557 1525 objecto
567 1470 630 1526 turpi
641 1470 732 1520 aliaest

45 1526 155 1583 practica,
168 1528 214 1573 alia
230 1529 371 1585 speculativa
387 1531 491 1575 tantum..
503 1529 610 1575 Practica
621 1531 664 1585 est,
681 1543 731 1587 quae

1 1603 3 1606 ·
45 1590 198 1644 repraesentat
214 1589 327 1643 objectum
346 1590 412 1633 modo
429 1589 567 1645 delectabili,
588 1590 611 1635 id
629 1591 672 1645 est,
693 1591 732 1635 vel

45 1650 155 1704 tanquam
168 1661 269 1705 praesens
285 1650 351 1693 modo
366 1651 502 1706 ponendum,
518 1650 556 1693 vel
566 1652 674 1706 tanquam
689 1651 732 1694 de·

47 1705 151 1751 loetabile
163 1708 247 1763 sensui,
262 1710 356 1765 adaptat
370 1709 426 1752 illud
438 1710 549 1766 cogitanti
561 1712 669 1765 tanquam
680 1723 732 1754 oon·

46 1766 148 1814 veniens.
172 1768 319 1826 Speculativa
343 1771 420 1814 autem
448 1773 492 1824 est,
514 1783 564 1826 quae
581 1773 732 1826 repraesentat

46 1829 125 1884 aptum
134 1830 261 1878 secundum,
268 1842 301 1884 se,
311 1832 334 1873 et
345 1829 409 1887 quasi
419 1829 595 1888 superficialiter
606 1830 732 1876 sinemodo

45 1887 98 1942 illo;
111 1889 201 1944 qualem
212 1889 345 1946 plerumque
354 1891 432 1943 habet,
443 1891 481 1946 qui
489 1891 566 1935 studet
576 1891 665 1936 casibus
677 1904 733 1935 oon-

45 1945 167 1992 siderando
178 1948 347 2003 distinctionem
360 1949 487 2006 specificam
495 1956 645 2007 peccatorum
657 1949 681 2005 in
693 1964 733 1995 or-

46 2005 99 2050 dine
109 2009 137 2053 ad
148 2008 312 2053 confessionem
325 2022 330 2054 :
342 2012 365 2054 et
374 2010 424 2055 haec
433 2010 460 2054 de
470 2023 494 2055 se
503 2013 621 2067 peccatum
632 2025 677 2055 non
688 2013 731 2066 est,

45 2065 80 2108 uti
91 2080 132 2110 nec
143 2068 264 2123 delectatio
275 2068 409 2122 descientia
417 2068 467 2126 jam
478 2069 589 2127 acquisita
599 2068 641 2128 (l).
654 2071 677 2114 4.
690 2071 733 2117 De·

47 2122 141 2172 lectatio
151 2141 250 2186 venerea
257 2126 322 2186 plene
333 2127 467 2185 deliberate,
474 2129 512 2173 vel
518 2129 542 2173 in
548 2143 573 2175 se
579 2129 687 2184 admissa,
696 2129 734 2174 vel

48 2247 213 2366 &lg-Efficacia
223 2275 236 2313 l.
246 2275 264 2322 3,
274 2286 294 2323 p.
301 2275 324 2322 l,
331 2247 406 2322 n.38³97;
418 2276 437 2314 S.
448 2257 529 2324 alpina,
539 2277 573 2323 l'l;
584 2277 602 2315 S.
612 2278 676 2336 Tironi.
686 2276 704 2313 l.
714 2277 733 2315 2.
