1577 2464
250 88 254 94 -
272 80 331 110 rans
347 79 372 119 n,
384 78 467 109 carun
478 78 503 109 vr
539 86 541 88 v
683 61 737 111 rur

65 163 99 218 (5.
117 164 217 208 Tenetur
233 166 381 208 Sacramenta
399 163 567 221 administrare,
578 165 671 219 vquoties
688 181 727 208 no-

40 235 109 267 rcesse
120 228 164 276 est,
180 228 219 268 aut
229 223 544 269 Parocbianirationabiliter
557 227 645 277 petunt.
663 225 727 268 Unde

47 286 137 326 tenetur
147 284 168 327 1.
181 285 274 335 Curare,
288 288 313 326 ut
324 283 399 329 nullus
409 283 483 332 infans
498 284 546 325 sine
557 283 675 339 Baptismo
686 284 728 325 de-

48 343 121 397 cedat,
134 356 160 387 ne
174 344 267 400 proinde
282 343 395 387 instruere
410 342 553 398 obstetrices,
571 347 597 386 ut
612 342 692 397 sciant,
705 343 728 386 in

41 403 183 448 necessitate
200 402 244 446 rite
259 403 362 446 conferre
377 402 532 458 Baptismum3
549 402 612 458 sique
630 402 728 458 prudens

41 462 148 516 dubium,
161 465 201 506 aut
210 463 307 517 suspicio
317 462 347 505 sit
358 463 385 504 de
396 463 474 505 valore
485 462 597 518 Baptismi
607 462 674 505 abiis
684 461 728 505 ool-

48 521 98 574 lati,
123 522 163 565 sub
184 521 311 566 conditione
332 521 472 578 rebaptizare
496 534 500 566 :
524 522 591 577 quod
614 524 648 574 nt,
670 521 730 565 sient
777 530 779 533 ’

48 583 147 638 oportet,
169 586 301 638 exequatur,
323 582 473 625 examinanda
491 585 526 625 est
544 580 665 635 obstetrix‚
685 594 729 636 qna

48 642 153 694 materia,
164 655 208 696 qua
215 643 288 684 forma
298 642 327 684 sit
337 655 377 684 usa
388 654 393 685 :
403 655 452 697 quae
462 639 515 697 pars
522 641 624 697 corporis
635 640 730 683 infantis

49 699 164 744 sitablnta
176 714 180 744 :
192 702 302 758 quomodo
311 699 462 758 processerit?
472 714 498 744 an
510 701 641 758 perturbate
652 704 675 744 et
684 700 729 744 ies·
773 744 774 747 ,

48 760 163 803 tinanterl
175 775 202 803 an
214 762 270 804 bene
280 761 416 814 meminerit,
430 762 526 805 formam
534 765 605 804 totam
619 773 668 803 esse
678 773 729 815 pro-

49 820 134 863 latam?
146 824 189 863 etc.
208 821 263 864 Dein
281 820 407 864 volentibus
421 833 451 863 ex
462 821 510 863 sola
525 820 593 863 etiam
608 819 729 863 devotione

49 879 152 922 confiteri
167 882 207 924 aul
220 880 394 933 communicare,
407 883 497 923 tenetur
510 880 626 923 Parochus
637 878 729 935 gratifi-

49 938 97 981 cari
108 938 149 981 sub
160 940 260 992 mortali,
273 940 338 983 morlo
350 952 393 983 non
404 939 471 982 nimis
482 939 612 995 frequenter
623 942 731 995 petantur

50 1011 77 1041 ea
95 998 256 1053 Sacramenta„
271 1003 295 1043 et
311 1013 354 1043 non
374 998 403 1042 sii
422 999 487 1052 alins,
506 999 543 1054 qni
565 1000 667 1054 praebeat
686 997 730 1055 (l).

50 1057 161 1114 Tempore
179 1059 249 1114 pestis
260 1059 298 1102 vel
315 1059 410 1103 alterius
424 1058 496 1101 morbi
509 1059 643 1114 contagiosi,
661 1058 732 1101 etiam

50 1130 101 1160 oum
118 1118 217 1173 periculo
236 1117 300 1172 vitae,
321 1122 419 1163 tenetur,
431 1119 578 1161 Sacramenta
600 1118 732 1160 ministrare

51 1176 98 1219 suis
111 1176 152 1234 (2).
171 1178 236 1220 Unde
249 1179 327 1233 peccat
344 1176 481 1230 mortaliter,
499 1177 517 1219 si
533 1180 635 1232 ternpore
650 1176 731 1232 pestis,

52 1232 88 1279 vel
106 1235 161 1281 belli
178 1237 257 1291 lateat,
277 1237 314 1280 vel
325 1236 411 1293 fugiat}
433 1236 476 1281 nisi
495 1236 554 1281 forte
571 1250 621 1279 oum
640 1236 733 1279 licentia

51 1296 156 1352 Episcopi
163 1297 267 1339 idoneum
277 1296 399 1340 substituat
406 1297 493 1353 qualern
503 1296 523 1340 ¹si
533 1297 616 1340 habere
625 1298 732 1352 nequeat,

47 1356 130 1411 ,nequii
147 1356 279 1400 beneficium
299 1356 424 1414 resignare.
444 1357 513 1400 Retio
532 1359 575 1411 est,
594 1356 655 1412 quia,
674 1356 734 1399 sicut

53 1416 117 1459 miles
127 1429 167 1472 pro
178 1417 264 1472 praelio,
276 1417 307 1460 sic
315 1417 354 1460 ille
363 1430 404 1473 pro
414 1417 454 1460 tali
464 1416 599 1467 necessitate
609 1417 733 1460 conductus·

52 1477 95 1529 est,
108 1479 131 1518 et
139 1476 210 1520 bonus
226 1476 297 1521 Pator
308 1478 374 1520 debet
383 1490 424 1532 pro
438 1475 518 1520 ovibus
530 1476 576 1519 suis
584 1488 666 1532 ponere
682 1475 734 1518 ani-

52 1547 112 1592 mam
124 1548 196 1579 suam.
216 1536 273 1579 Hinc
285 1540 308 1580 et
319 1541 397 1592 peceat
413 1536 524 1592 graviter,
543 1536 562 1579 si
573 1535 679 1590 perejus
691 1548 735 1577 ne·

52 1594 186 1651 =eligentium
205 1595 286 1650 aliquis
297 1595 409 1639 moriatur
423 1596 471 1638 sine
487 1594 649 1647 sacramentis,
662 1596 695 1646 ut,
714 1593 734 1637 si

46 1655 129 1707 seivit,
149 1666 214 1710 posse
236 1667 285 1699 esse
304 1655 391 1699 morale
408 1654 532 1712 peniculum
550 1655 639 1704 mortis,
659 1656 682 1697 et
695 1653 734 1697 nel

47 1714 120 1770 ,longe
131 1715 202 1766 abest,
215 1714 253 1757 vel
264 1728 305 1771 per
316 1715 432 1770 crapulam
444 1728 468 1758 se
480 1715 580 1771 ineptum
593 1713 692 1757 reddidit
705 1713 733 1757 ad

53 1775 236 1829 succurrendum,
261 1774 298 1817 vel
320 1775 393 1831 noluit
412 1787 514 1831 surgere,
534 1774 610 1829 sicque
630 1773 735 1816 infirmus

46 1837 156 1882 ,astoricus
168 1839 211 1889 est,
221 1837 261 1878 aut
272 1834 397 1890 periculum
408 1835 524 1891 probabile
533 1834 584 1887 fnit,
596 1846 624 1876 ne
634 1834 682 1876 sine
693 1834 735 1880 Sa·
758 1877 759 1880 ,

77 1985 103 2034 (a)
112 1986 137 2023 of.
148 1985 167 2024 a.
178 1985 230 2032 Alph.
242 1985 260 2022 o.
268 1984 301 2020 aaa
310 1984 376 2020 eroes.

48 2054 50 2057 ·
69 2045 101 2093 lb)
110 2045 138 2082 Cf.
146 2046 165 2081 S.
174 2046 227 2090 nlpn.
236 2044 254 2087 ὃ,
265 2045 298 2081 233
308 2049 325 2079 et
334 2044 353 2087 d,
361 2043 403 2078 368.
414 2053 425 2077 «
436 2036 509 2079 Censuit
522 2043 541 2079 S.
551 2044 570 2079 C.
586 2043 674 2088 parochos
682 2047 739 2080 ,teni-

54 2109 97 2147 pnre
105 2100 226 2146 pestisteneri
235 2101 254 2136 in
263 2096 337 2136 ecelesia
344 2096 443 2144 parochiali
453 2097 564 2135 residere...
576 2101 593 2132 et
605 2096 695 2142 parochiae
703 2095 737 2133 in-

54 2159 100 2198 colis
108 2164 157 2204 peste
166 2153 289 2192 laborantibus
300 2155 409 2189 sacramenta
417 2151 503 2195 baptismi
515 2155 534 2187 et
549 2150 657 2197 poenitcntire
672 2158 705 2195 prr
718 2157 739 2185 se

54 2214 81 2249 vel
89 2214 134 2248 alios
142 2212 217 2247 idoneas
224 2209 296 2244 omnino
304 2205 414 2242 ministrare.
421 2227 438 2239 ..
449 2201 567 2239 blediolancn.
576 2203 597 2238 l3
606 2202 659 2247 april.
667 2201 720 2237 lein,
726 2212 740 2235 n

54 2266 137 2302 Zamboni
147 2263 229 2306 collectio
238 2261 307 2298 declar.
314 2259 333 2295 S.
344 2260 364 2298 C.
375 2259 394 2295 C.
406 2267 424 2303 n.
433 2256 526 2293 Pnroobus
534 2257 547 2304 ἓ
554 2255 586 2293 lo.
596 2256 628 2292 19.
