1577 2464
277 55 347 96 sanas
358 63 385 107 11,
402 64 476 96 carus
491 64 508 97 v
689 55 736 104 175

55 147 167 214 proventu
189 166 217 196 ex
234 146 280 196 iilis
301 149 392 208 aliquids
406 151 526 208 expendat,
547 151 623 206 donet,
633 152 670 197 vel
689 153 735 199 alia

50 211 142 260 'ratione
157 211 241 256 alienet
254 214 334 255 contra
350 212 491 255 voluntatem
507 211 590 267 patris;
603 211 656 266 quia
668 227 735 256 usus-

54 276 141 317 fructus
152 273 243 315 illorum
257 272 358 328 pertinet
373 271 401 313 ad
411 274 509 326 patrem.
521 270 588 325 Item,
601 271 620 314 si
632 271 739 316 debonis

54 332 206 391 profectitiis,
217 333 256 374 aut
274 329 324 373 aliis
342 330 406 389 bonis
425 331 506 387 patris,
523 331 561 374 vei
577 330 609 374 eis
629 332 735 375 riarnnnm

54 406 125 451 graue
136 390 233 445 inferat3
246 390 299 446 quia
311 392 392 433 horum
403 395 426 434 et
436 391 572 447 proprietas,
584 393 606 434 et
617 390 735 435 ususfruc-

54 459 90 497 tus
100 455 188 510 spectat
200 452 228 495 ad
239 453 335 506 patrem.
344 450 397 494 Dixi
407 462 412 493 :
420 464 461 508 par
469 463 492 496 sa
502 449 611 509 loquendo
623 463 707 507 :nam.,
718 466 733 495 i.

53 514 104 558 Non
116 515 214 565 tenetur,
226 511 246 554 si
256 513 321 567 pater
332 512 450 565 condonet,
463 514 503 554 ant
514 513 637 567 prudenter
646 517 736 567 praesu-

54 577 130 616 matur
144 574 318 622 condonaturus,
329 570 348 613 si
363 574 494 626 rogaretur,
507 571 549 613 etsi
564 571 624 614 filius
638 583 685 626 prae
696 582 736 614 ve-

53 631 159 675 recundia
170 643 252 686 rogare
263 644 306 673 non
324 631 413 674 audeat.
431 630 582 674 Praesumitnr
593 633 667 673 autem
680 644 736 674 con-

53 693 185 744 donaturus,
193 692 211 734 si
224 692 289 746 pater
300 689 331 733 sit
339 689 448 743 uberans,
459 692 482 733 et
493 703 575 746 magno
587 690 668 734 affectu
676 691 735 733 fera-

52 754 91 795 tur
100 752 123 794 in
136 750 216 793 tilium.
229 749 251 793 2.
265 750 289 794 Si
299 752 365 805 pater
382 750 439 794 sciat
450 753 473 794 et
482 763 525 793 non
537 750 627 806 exigam
638 753 662 794 et
672 764 733 805 raro,

52 812 126 868 inquit
141 809 252 867 Layman,
265 813 369 852 censetur
383 814 448 865 pater
463 813 509 852 tarn
520 823 622 863 severus,
635 813 660 853 ut
669 810 750 854 dama

54 885 107 914 num
120 883 199 927 passus
210 868 306 912 inbonis
317 869 358 912 fini
368 869 508 924 adventitiis,
518 870 622 926 reparari
636 871 664 914 ab
676 884 702 915 eo
712 871 740 916 id·

53 932 117 977 vetit.
131 931 153 975 3.
167 931 191 976 Si
207 930 311 974 duranum
328 929 358 973 sit
369 930 427 974 leve.
445 931 467 973 4.
481 930 505 973 Si
516 930 575 973 bona
586 932 631 973 sint
641 932 733 986 donata,

52 993 90 1035 rei
101 992 178 1047 tegata
189 990 235 1033 filio
250 1003 276 1032 ea
285 989 419 1042 conditione,
432 993 458 1033 ut
471 990 520 1046 ipse
533 991 593 1033 solus
605 990 735 1034 usumfruc-

52 1057 101 1095 tum
117 1052 209 1104 habeat,
229 1050 266 1092 vei
280 1049 369 1105 legatus
385 1049 433 1092 filio
449 1047 480 1093 sit
497 1049 558 1094 solus
574 1049 733 1096 ususfructus:

52 1112 105 1167 quia
117 1124 184 1166 super
194 1112 253 1152 hunc
264 1108 322 1152 alius
328 1108 469 1152 ususfructus
480 1110 587 1152 constitui
597 1124 640 1153 non
650 1114 732 1166 potest.

51 1173 75 1214 ὃ.
89 1171 113 1214 Si
128 1170 188 1212 filius
202 1183 253 1211 cum
267 1171 340 1224 patre,
352 1169 390 1210 rei
405 1181 430 1210 eo
442 1168 514 1211 invito
525 1169 591 1211 adeat
610 1170 739 1214 haeredita-

52 1233 107 1274 tem.
120 1230 189 1273 Ratio
199 1228 301 1283 estquis
310 1227 332 1270 in
344 1227 379 1271 his
391 1228 512 1284 postremis
523 1229 611 1273 casibus
620 1230 736 1274 ususfruc-

2 1290 4 1293 ’
52 1292 89 1334 tus
106 1291 194 1346 spectat
203 1284 231 1332 ad
243 1288 329 1342 filium,
341 1287 377 1330 hie
387 1293 472 1341 tamen,
484 1287 503 1331 si
514 1288 545 1332 sit
556 1289 666 1348 impubes,
679 1289 738 1334 nihii

53 1351 79 1394 de
91 1350 154 1395 bonis
166 1349 213 1394 suis
224 1361 264 1405 pro
276 1348 325 1392 soro
337 1350 431 1392 externo
441 1348 540 1392 alienare
549 1354 636 1405 potest,
649 1351 682 1394 uti
694 1365 737 1395 nec

52 1412 122 1467 pubes
134 1410 182 1454 sine
194 1422 303 1452 consensu
318 1409 391 1465 patris
403 1410 430 1451 ad
445 1409 550 1464 profanas
565 1423 643 1453 causas
653 1410 737 1460 testari

52 1474 139 1526 potest,
151 1468 194 1512 nisi
205 1468 232 1510 de
245 1468 310 1510 bonis
325 1467 487 1521 castrensibus,
499 1467 537 1510 vel
552 1468 738 1523 quasi-castrum¹
751 1518 759 1526 ἱ

53 1530 128 1573 sibus.v
139 1528 191 1572 Dixi
209 1539 214 1571 τ
226 1539 268 1585 pro
284 1528 335 1583 foro
352 1529 441 1571 eutcrao
453 1545 463 1570 .·
472 1541 532 1582 nam,
548 1529 685 1584 siinipubes
698 1542 740 1572 rae

51 1589 113 1632 tione
130 1587 239 1644 praeditus
254 1586 295 1630 tibi
311 1588 405 1640 donaret
420 1589 447 1630 de
462 1587 538 1638 bonis,
555 1600 650 1643 qnorum
663 1589 740 1632 domi-1

52 1649 113 1692 nium
130 1651 153 1691 et
166 1646 386 1698 administrationem
402 1647 479 1692 habet,
493 1646 555 1691 licite
572 1647 595 1691 id
613 1648 734 1705 retineres,

52 1711 122 1752 donec
138 1711 263 1764 repetatur.
734 1740 737 1743 Α

84 1770 135 1812 144.
151 1793 181 1799 —
193 1767 268 1810 infero
281 1767 311 1810 Π.
328 1769 353 1810 Si
364 1770 425 1812 filins
438 1780 487 1811 rem
501 1781 596 1823 gravem
613 1770 732 1825 subducat,

51 1842 119 1885 quarn
136 1833 229 1885 putatur
243 1827 410 1870 rationabiliter
426 1832 491 1884 pater
508 1842 550 1871 non
565 1834 698 1885 negaturus,
716 1830 738 1874 st

50 1889 111 1933 tilius
123 1891 221 1946 peteret,
239 1901 282 1930 non
294 1890 373 1942 peccat
387 1889 502 1942 graviter,
519 1902 591 1942 secus,
608 1890 627 1931 si
640 1893 734 1945 putetur

50 1948 219 1992 rationabiliter
230 1951 362 2003 negaturus,
375 1948 415 1989 aut
424 1948 510 1990 invitus
522 1960 585 2001 essc;
602 1952 634 2000 ut,
648 1950 668 1992 si
679 1951 739 1992 sub-2

50 2008 144 2050 duceret
155 2008 184 2051 ad
198 2004 261 2050 tusus
272 2005 364 2059 vetitos,
381 2007 567 2063 compotationes,
585 2008 672 2062 lunum,
687 2014 731 2054 etc.

51 2068 122 2111 Ratio
130 2073 173 2121 est,
183 2067 236 2124 quia
244 2066 266 2109 in
277 2067 319 2109 hoo
326 2078 379 2108 casu
387 2068 453 2121 pater
464 2072 499 2110 est
506 2067 592 2117 invitus
602 2071 738 2124 quoactsun«

52 2128 170 2185 stantiam,
179 2129 202 2170 in
214 2127 287 2183 primo
297 2130 372 2169 antem
382 2128 471 2169 tantum
485 2130 556 2183 quoad
568 2130 666 2172 modum.
679 2130 733 2177 Quae

51 2188 167 2242 quantitas
183 2192 287 2243 respectu
304 2186 353 2240 tilii,
366 2185 426 2241 patri
439 2185 524 2243 aliquid
539 2188 690 2244 surripientis,
704 2188 733 2231 sit

52 2245 734 2306 gravis,nonpotestunareuuiadefiniri,seespectaridebet
