1567 2412
273 59 340 112 rensv
348 71 375 113 1„
384 70 458 110 onaun
477 70 510 110 ur
529 111 531 114 y
700 55 732 99 29

22 169 26 173 “
48 158 189 219 poenitentia,
202 158 309 203 videlicet
320 160 345 202 ut
353 158 449 214 singulis
459 156 605 216 hebdomadis
613 155 730 212 jejunaret
778 210 782 218 ἰ

49 220 162 278 poenitens
176 220 200 264 in
211 231 269 276 pane
280 220 304 272 et
314 232 373 276 aqua
383 219 441 262 feria
455 221 545 275 quarta,
559 220 624 261 sexta
638 218 661 259 et
676 216 731 260 sab·
776 217 780 224 ⁴

43 282 110 333 bato,
132 291 267 335 quamquam
283 283 335 321 ante
350 279 511 322 absolvebatur
522 276 728 321 sacramentaliter.

49 340 118 382 Ratio
136 341 180 390 est,
196 338 249 393 quia
265 338 329 393 rigor
340 338 379 388 ille
397 338 462 397 modo
479 351 522 402 nop
539 339 574 380 est
584 335 729 388 conveniens,

49 411 145 452 cumque
155 397 294 452 temperavit
304 397 414 450 Ecclesia,
424 399 513 439 tumne
523 395 634 439 confessio
646 395 674 437 ab
684 395 731 436 hae-

2 455 5 470 ¹
48 457 127 501 reticis
143 457 301 501 traduceretur
312 454 376 501 velut
390 456 520 500 carnificina
533 455 642 511 fieretque
654 453 732 497 odiosa

50 516 220 573 poenitentibus
233 519 282 560 tum
296 520 322 559 ut
339 516 441 560 homines
457 516 531 573 magis
546 515 692 559 allicerentur
702 514 732 557 ad
744 531 745 534 ¹

51 578 245 620 sacramentorum
264 576 407 635 frequentem
427 589 502 631 usum,
521 588 591 632 eoque
609 588 623 617 a
638 574 732 630 relapsu

49 639 254 693 praeservarentur,
273 640 321 680 tum
342 637 445 692 denique,
462 636 515 692 quia
529 635 652 691 postremis
669 638 733 677 tem-

49 696 142 750 poribus
153 695 294 750 frequentior
302 696 417 739 concessio
425 698 448 738 et
456 695 601 752 participatio
613 694 732 749 indulgen-

49 754 135 797 tiarum
146 754 252 797 invaluit.
261 755 286 798 3⁰
295 755 320 798 Si
330 755 449 811 poenitenti
456 752 595 812 imponatur,
604 768 633 797 ne
644 756 732 802 certum
762 806 763 809 Ἰ

51 816 169 870 peccatum
186 815 282 869 amplius
300 816 465 868 committatur,
486 814 539 870 quia
556 814 677 870 exponitur
694 825 733 869 pe·

51 872 123 916 riculo
143 873 237 929 gravius
251 873 349 918 labendi.
362 876 387 918 4ο
398 875 423 918 Si
435 874 465 918 sit
476 876 595 932 perpetua,
608 873 661 930 quia
672 874 734 915 esset

46 933 210 990 immoderata.
228 934 253 978 5⁰
267 935 292 978 Si
308 935 441 991 injungatur
458 935 554 992 publica
565 934 651 990 gravis,
670 932 734 980 ordi-

50 994 115 1036 narie
126 996 162 1036 est
172 993 345 1049 i,ncouveniens;
358 996 411 1051 quia
423 997 536 1051 repugnat
547 994 613 1051 praxi
624 991 733 1037 Ecclesiae

52 1055 76 1096 et
92 1052 159 1097 fae-ile
170 1053 316 1111 ingeneraret
333 1055 484 1112 suspicionem
498 1055 576 1112 gravis
591 1054 678 1111 peceati
696 1053 734 1097 vel

14 1142 15 1146 ,
51 1117 156 1156 causaret
173 1115 275 1156 dissidia.
292 1115 363 1157 Dixi:
385 1115 511 1169 ordinarie;
528 1116 581 1169 quia
597 1115 624 1156 ob
640 1116 735 1170 peccata
758 1114 763 1116 ’

51 1171 140 1228 publice
151 1172 272 1216 commissa
282 1186 342 1229 saepe
354 1173 418 1227 utile,
431 1173 477 1217 imo
488 1174 620 1229 quandoque
632 1185 735 1215 necessa·

53 1232 112 1273 rium
123 1234 166 1283 est,
180 1232 295 1288 imponere
307 1232 428 1289 publicam,
444 1236 469 1276 ut
478 1232 609 1276 scandalum
624 1244 734 1275 amovea-

52 1293 105 1345 tur3
116 1294 195 1345 estque
207 1295 307 1347 potestas
318 1292 456 1336 confessario
467 1291 574 1349 puniendi
583 1294 685 1349 peccata,
695 1291 734 1333 ubi

53 1350 220 1406 necessarium;
233 1366 305 1407 neque
316 1353 366 1395 ideo
377 1352 477 1396 violatur
488 1352 598 1409 sigillum,
612 1352 665 1407 quia
676 1350 736 1394 obli-

54 1409 116 1466 gatio
132 1410 227 1453 tollendi
246 1412 376 1456 scandalum
392 1413 482 1456 aliunde
499 1411 580 1466 oritur,
598 1424 677 1468 quare,
697 1409 736 1455 ubi

52 1469 165 1527 poenitens
180 1471 247 1516 debet
261 1472 396 1527 consentire,
409 1473 474 1517 adest
491 1487 613 1517 consensus
624 1473 682 1530 eJ'us.
698 1471 736 1516 sto

39 1530 118 1584 'salvo
137 1530 213 1585 sigillo
231 1531 389 1576 calumniatori
406 1532 539 1589 imponitur,
562 1535 587 1577 ut
603 1532 631 1576 ab
651 1531 736 1585 offenso

54 1591 118 1645 petat
132 1590 221 1633 veniam
237 1590 278 1651 (l).
292 1592 317 1635 Si
331 1593 428 1636 multum
441 1595 549 1651 occupato
565 1592 738 1649 imponerentur

53 1648 128 1703 longae
150 1650 273 1705 orationes,
292 1652 395 1696 delicatis
413 1652 495 1708 rigidae
514 1654 617 1710 corporis
638 1652 738 1706 castiga·

54 1708 137 1760 tiones,
149 1710 283 1765 conjugibus
294 1710 367 1768 longae
380 1712 589 1768 peregrinationes3
602 1711 660 1756 tales
677 1710 738 1753 enim

53 1766 194 1823 paenitentiae
211 1784 254 1813 non
270 1774 323 1815 sunt
340 1772 517 1827 proportionatae
536 1771 632 1827 viribus,
656 1771 737 1827 statui,

54 1828 178 1871 conditioni
193 1829 352 1885 poenitentium
362 1831 452 1876 talium.
656 1870 657 1873 ,

87 1886 123 1931 19.
137 1912 167 1920 -
177 1889 248 1946 Resp.
260 1891 290 1935 V.
302 1891 327 1934 Si
342 1892 494 1948 poenitentens
513 1890 629 1936 absolutus
649 1892 738 1946 redeat,

57 1949 167 2002 egeatque
177 1963 236 1993 nova
247 1950 395 2006 absolutione,
405 1966 464 1996 nova
473 1952 612 2009 injungenda
621 1956 657 1996 est
666 1952 741 2009 preni-

56 2006 143 2062 tentia;
156 2007 199 2052 nisi
211 2009 271 2053 forte
287 2010 350 2067 prior
365 2011 482 2057 videretur
491 2011 612 2068 sufficiens,
625 2012 741 2068 velletque

58 2079 106 2109 eam
114 2066 740 2129 denuoconfessariusinjungere,utipotest,sicutaliud

55 2138 114 2180 opus
128 2126 218 2171 aliunde
236 2129 344 2174 debitum.
358 2131 383 2176 si
394 2132 506 2189 poenitens
520 2135 592 2189 petat,
606 2136 632 2176 ut
649 2132 692 2176 sibi
704 2131 742 2173 in-

81 2256 105 2305 (q
113 2230 138 2294 cr.
149 2257 197 2306 eur)v
207 2260 219 2304 l,
228 2260 269 2298 aaa.

677 2332 738 2383 st,
