1577 2464
21 147 22 150 =
80 114 126 164 294
162 131 393 180 uro-conrussnmus
409 113 519 164 rancura
535 132 674 164 rusraocrus
726 116 729 118 ’

109 216 255 268 {Omnibus
266 219 310 263 rite
322 220 427 277 peractis,
440 219 528 262 infirmo
540 219 612 263 danda
625 216 759 275 poenitentia

79 277 146 332 levis,
159 281 199 323 aut
216 279 291 324 levior
301 294 342 337 pro
353 280 441 325 ratione
455 279 527 324 morbi
543 279 629 335 gravis,
646 278 688 323 vel*
702 290 758 334 gra-

80 338 160 393 vioris,
179 338 227 382 sine
238 343 315 384 tamen
332 340 463 397 praejudicio
474 339 545 384 tertii.
558 340 657 383 Possunt
674 338 758 393 imponi

55 402 56 406 ’
81 403 145 445 actus
163 399 226 454 fidei,
248 402 304 457 spei,
325 401 452 456 charitatis,
470 401 558 459 patiens
577 400 679 445 dolorum
699 398 758 443 tole«

65 460 166 511 rantia,
183 461 306 514 resignatio
324 460 345 503 in
359 461 504 504 *voluntatem
514 462 563 511 Dei,
579 459 694 503 restitutio
709 472 759 501 ma«

81 521 134 564 ture
145 518 255 573 facienda,
274 520 406 564 condonatio
421 519 511 576 injuriae
522 520 615 577 publicae
629 518 708 571 illatae,
720 530 760 560 re·

17 589 19 591 ’
82 579 210 623 conciliatio
222 592 271 621 cum
283 579 388 631 inimicis,
400 579 514 623 invocatio
526 581 567 625 SS.
580 578 704 623 Nominum
712 578 759 621 JE-

21 684 23 686 ,
82 638 147 691 SUS,
161 638 271 692 MARIA,
290 636 417 682 JOSEPHl
437 642 480 682 etc.
498 639 578 683 Posset
593 638 661 681 etiam
681 637 759 693 gravis

14 740 16 750 ,
82 696 171 754 injungi
182 696 205 739 in
216 700 322 742 eventum
333 697 470 743 ualetudinis
485 699 653 756 recuperandae.
697 710 727 718 '¹

113 757 135 800 8.
156 757 251 799 Demum
271 771 321 800 eum
342 759 447 801 absolvat
466 759 563 813 primum
582 773 595 802 a
615 757 723 810 censuris,
741 757 761 801 si

4 812 6 814 ’
82 830 150 873 quam
161 815 265 870 incurrit,
282 818 331 861 turn
351 818 472 874 apeccatis
489 821 512 862 et
527 818 625 876 applicet
640 818 674 861 illi
684 816 761 861 indul-

83 876 172 934 gentias
190 875 329 920 moribundis
347 891 471 922 concessas.
492 878 535 922 Ubi
551 879 681 930 notandum,
702 875 760 932 quod

54 975 56 979 ,
81 937 173 993 ,quidem
185 936 256 992 possit
267 936 361 991 quilibet
372 939 481 982 Sacerdos
490 938 559 983 etiam
570 952 613 981 non
625 937 761 994 approbatus

83 996 202 1040 absolvere
213 1011 227 1039 a
238 998 338 1042 censuris
349 998 451 1043 omnibus
460 999 484 1042 et
489 998 622 1051 reservatis,
633 1001 681 1041 tum
692 997 715 1040 in
724 1009 761 1056 ar-

82 1057 153 1100 ticulo
168 1056 257 1108 mortis,
270 1060 295 1099 ut
305 1058 366 1100 clare
382 1059 450 1100 habet
460 1057 523 1101 Trici.
537 1072 592 1105 sess.
606 1058 643 1112 14,
662 1058 689 1099 de
700 1070 758 1111 poen.

83 1124 133 1173 cap.
143 1129 183 1169 vu,
192 1115 245 1171 quia
254 1119 353 1172 potestas
361 1117 491 1160 absolvendi
501 1117 553 1161 data
563 1120 597 1161 est
606 1118 633 1159 ad
642 1116 761 1160 salvandas

84 1177 181 1228 animas,
194 1177 292 1231 adeoque
303 1192 347 1221 non
363 1178 472 1233 restringi
483 1177 557 1230 debet,
568 1177 606 1221 ubi
615 1177 690 1220 anima
699 1177 761 1232 peri·
773 1182 775 1184 ’

84 1236 178 1279 clitatur
191 1248 196 1277 ε
208 1239 257 1277 tum
269 1236 337 1279 etiam
348 1237 371 1279 in
382 1237 481 1292 periculo
493 1238 581 1286 mortis,
594 1240 619 1279 ut
632 1237 701 1278 habet
711 1249 763 1290 pro-

84 1294 181 1340 babilior
193 1293 239 1352 (1);
250 1296 302 1350 quia
313 1297 350 1352 pia
360 1298 436 1340 Mater
447 1297 549 1340 Ecclesia
559 1311 602 1338 non
617 1295 762 1351 praesumitur

84 1354 145 1398 velle
161 1366 295 1410 quemquam
311 1358 422 1411 exponere
432 1356 542 1411 probabili
556 1355 656 1412 periculo
672 1355 763 1398 damna·

41 1465 43 1467 ,
84 1413 153 1459 tionis
166 1426 171 1457 ε
185 1427 228 1457 non
240 1418 314 1471 potest
324 1419 401 1459 tamen
418 1415 467 1459 dari
481 1415 591 1459 absolutio
601 1429 615 1458 a
628 1412 730 1458 censuris
741 1416 763 1458 et

80 1474 209 1521 reservatis
220 1486 234 1517 a
248 1474 350 1530 quolibet
358 1476 436 1520 statim
448 1488 462 1525 a
472 1475 546 1530 prima
557 1476 592 1518 dic
608 1473 761 1530 infirmitatis,
782 1513 783 1516 ,

84 1534 125 1580 sed
136 1533 202 1587 debet
218 1534 296 1579 adesse
313 1535 350 1579 vel
361 1535 478 1589 articulus,
494 1535 531 1578 vel
547 1534 672 1592 periculum
683 1534 763 1577 mortis

85 1594 210 1652 probabile.
219 1594 372 1641 Adestautem
384 1595 492 1639 articulus
502 1595 591 1649 mortis,
604 1595 691 1651 quando
703 1608 764 1638 mors

86 1653 205 1699 moraliter
215 1657 277 1699 certo
289 1656 391 1710 proxime
403 1655 481 1709 instat,
494 1668 533 1699 seu
547 1668 576 1700 ex
586 1655 673 1708 morbo,
686 1667 725 1697 seu
736 1655 765 1698 ex

86 1713 190 1765 vulnere,
202 1727 242 1757 seu
253 1715 367 1758 sententia
374 1714 457 1770 judicis
470 1726 475 1757 :
488 1713 524 1758 cui
540 1714 670 1769 aequivalet,
682 1718 702 1755 si
714 1713 765 1767 quis

35 1824 39 1835 l
87 1771 117 1817 sit
128 1772 151 1815 in
161 1772 260 1828 periculo
271 1773 374 1830 proximo
386 1776 499 1830 perpetuae
511 1773 630 1828 amentiae3
640 1771 765 1828 periculum

86 1844 143 1876 vero
155 1832 235 1877 mortis
254 1835 298 1887 est,
308 1833 396 1890 quaudo
412 1835 452 1877 sub
464 1833 539 1886 dubio,
550 1833 592 1887 ,vel
608 1832 691 1876 timore
709 1845 765 1887 pru-

87 1891 154 1938 dente
165 1905 226 1936 mors
238 1896 395 1950 exspectatur;
407 1894 440 1939 uti
450 1893 473 1937 in
484 1894 571 1950 praelio,
584 1893 670 1947 morbo,
683 1891 720 1935 vel
728 1891 766 1937 iti·

87 1964 144 1997 nere
161 1952 295 2007 periculoso,
316 1953 420 2010 obsequio
438 1953 597 2010 pestiferorum
616 1963 621 1997 :
640 1952 660 1996 si
672 1951 722 2008 quis
736 1952 767 1996 sit

83 2009 209 2064 barmim,
229 2014 268 2056 aut
285 2013 366 2057 mulier
383 2013 413 2058 sit
430 2013 506 2070 partui
522 2013 605 2066 vicina,
629 2014 724 2069 experta
742 2012 771 2061 inv

88 2072 200 2130 partubus
212 2072 335 2127 periculum
346 2074 408 2119 vitae.
421 2074 486 2119 Unde
496 2087 549 2118 reus
560 2073 588 2118 ad
598 2076 694 2117 mortem
711 2085 767 2116 con-

88 2133 216 2185 demnatus,
230 2132 250 2175 si
260 2132 330 2179 instet
340 2134 442 2179 executio
453 2134 581 2186 sententiae,
593 2133 675 2177 mulier
686 2132 734 2185 illa,
747 2131 767 2177 si

88 2191 159 2238 instet
173 2196 261 2250 partus,
278 2196 332 2249 eto,
347 2199 424 2253 potest
441 2195 546 2253 aquoris
564 2194 660 2252 absolvi,
672 2193 692 2240 si
709 2191 767 2240 aliua

48 2343 50 2352 2
111 2322 337 2375 piensupaaaor.
