1567 2412
285 69 345 124 enas
360 76 377 118 1,
394 50 469 107 annua
483 71 501 107 x
657 104 659 106 .
705 64 737 109 57,

52 177 144 212 accusas
156 164 187 220 te,
201 163 225 208 et
240 161 302 207 doles
318 162 346 205 [le
357 161 460 216 omnibus
474 162 572 219 peccatis
583 161 653 206 totius
664 162 733 219 vitae;
767 197 769 200 >

37 232 38 235 ’
53 232 76 271 et
91 224 199 270 annuenti
216 223 265 266 dani
283 223 403 271 absolutio,
413 223 480 265 mbdo
491 223 647 267 Confessanius
665 223 735 267 aclhnc

53 285 179 331 inconfuso
193 294 280 327 memor
298 286 359 328 esset
373 284 446 328 status
462 279 559 340 pi=ionis3
571 282 592 327 si
607 284 684 327 autem
695 295 735 327 nec

7 399 9 401 ,
53 348 147 401 rediret,
165 358 206 388 nec
223 343 348 397 conveniri,
367 357 407 386 nec
421 343 507 397 reduci,
520 357 560 386 nec
576 345 628 399 post
643 344 736 399 longum

54 411 143 463 tempus
159 416 267 448 occurens
278 403 365 447 moneri
375 406 452 461 posset
463 403 511 446 sine
520 403 615 447 notabili
625 403 737 460 poeniten-

53 469 83 511 tis
93 464 215 510 offensione
229 466 253 507 et
267 463 380 518 scandale,
393 466 432 508 aut
448 463 542 508 notabili
558 463 687 507 confusione
698 463 736 507 vel

54 527 190 570 detrimento
207 525 307 577 honoris,
325 526 349 568 et
369 523 436 568 faniae
454 524 586 567 confessarii
602 522 671 582 (sicut
686 524 737 581 ple-

54 598 149 642 rumque
159 583 210 628 fieri
219 584 305 641 nequit,
316 585 335 628 si
346 586 436 640 tempus
446 585 513 641 paulo
524 584 614 640 longius
624 583 737 628 interces-

54 644 120 701 serit)
132 645 274 687 commendet
284 644 434 687 confessarius
445 658 494 686 rem
504 645 560 696 Deo,
574 647 596 687 et
609 644 706 699 culpam,
718 643 738 686 si

54 704 154 759 admisit,
168 704 252 760 expiet.
264 703 343 761 Neque
355 703 414 747 enim
426 707 516 747 tenetun
527 702 677 748 confessarius
686 716 737 747 cum

55 765 172 819 scandalo,
185 764 223 807 vel
238 766 303 820 gravi
320 766 400 807 damno
417 777 458 808 suo
473 764 630 819 integritatem
648 762 738 807 confes-

55 823 125 868 sionis
135 823 277 867 materialem
289 836 420 880 pcocunane,
431 825 481 867 cum
493 827 516 867 et
524 825 571 881 ipse
584 826 695 880 poenitens
709 837 738 867 ex

55 883 122 941 gnavi
131 897 199 928 causa
210 884 237 928 ab
247 896 274 926 ea
288 885 416 927 excusetur.
427 884 483 927 Haec
493 884 640 940 intelligenda
655 886 707 928 sunt
718 883 737 927 si

56 945 167 1001 paenitens
177 945 300 1002 prudenter
311 945 417 1000 onetatas
433 945 516 987 iterum
531 943 674 988 confessurus
685 947 738 989 ante

56 1004 162 1059 mortem,
173 1004 240 1048 etita
250 1017 264 1046 a
271 1004 342 1061 priori
351 1006 443 1060 peccato
455 1005 536 1048 saltem
545 1005 654 1047 indicente
665 1004 738 1048 absol-

57 1065 161 1112 vendus:
177 1064 197 1108 si
215 1063 275 1107 enim
296 1066 424 1119 putaretur,
441 1064 505 1120 prius
524 1065 604 1108 mortis
622 1064 738 1108 subiturus

57 1123 191 1182 periculum,
203 1124 264 1168 salus
272 1123 334 1168 illius
341 1127 402 1168 esset
410 1124 492 1168 damno
499 1123 566 1168 famae
574 1125 672 1181 propniae
681 1137 738 1181 prae-

57 1186 150 1229 ferenda
163 1184 203 1244 (l).
217 1185 339 1240 Caeterum,
355 1185 476 1229 seeundum
490 1184 579 1230 Aversa
596 1188 619 1229 et
635 1185 739 1242 Buigha-

56 1245 97 1288 ber
108 1245 172 1289 (lent.
180 1245 208 1299 ’2,
220 1246 279 1290 Casu
291 1245 329 1300 60,
341 1245 442 1288 confusio
456 1246 513 1299 sola,
526 1249 549 1289 et
566 1246 660 1289 infamia
679 1247 739 1302 apud

38 1354 39 1357 Ἰ
56 1305 203 1361 poenitentem
212 1306 327 1348 subeunda
338 1306 431 1348 excusat
441 1305 611 1359 confessarium,
619 1306 738 1350 dummodo

56 1366 180 1421 prudenter
197 1367 269 1420 putet,
282 1364 429 1421 poenitentem
447 1365 519 1408 adhuc
533 1365 603 1409 semel
622 1366 739 1409 confessu-

56 1437 117 1468 rum.
131 1424 184 1469 Dixi
194 1424 217 1468 in
234 1423 379 1482 responsione
393 1437 398 1468 :
412 1423 561 1470 Paenitentiam
572 1425 661 1482 pcccati
676 1437 739 1470 ncnc·
768 1440 770 1445 ·

45 1484 115 1529 ,tulis
124 1496 187 1530 tntum
198 1503 207 1529 :
219 1498 279 1536 nam,
290 1486 309 1528 si
327 1498 369 1528 non
384 1485 427 1528 nisi
444 1486 542 1528 venialia
557 1486 682 1539 habuisset,
695 1485 738 1529 etsi

57 1544 207 1588 absolvendus
228 1547 288 1588 esset
307 1544 394 1598 statim,
407 1545 460 1587 dum
479 1545 551 1589 adhue
567 1548 602 1589 est
621 1545 739 1589 moraliter

57 1618 166 1662 praesens,
177 1604 196 1649 si
205 1606 281 1649 tamen
297 1603 345 1660 jam
355 1603 480 1659 abivisset,
493 1603 581 1649 facilius
601 1604 740 1650 dissimulari

57 1668 146 1722 posset3
156 1666 199 1708 nisi
212 1666 271 1709 i'ortc
287 1668 348 1714 esset
361 1666 459 1721 prudens
471 1665 549 1720 timor,
562 1678 589 1708 ne
601 1665 632 1709 sit
643 1667 666 1709 in
678 1667 740 1711 statu

41 1725 42 1728 ’
57 1725 170 1780 mortalis,
184 1728 207 1768 et
218 1738 261 1768 non
272 1724 369 1782 amplius
379 1725 441 1768 intra
452 1724 545 1783 longum
553 1727 643 1782 tempus
653 1726 740 1770 confes·

57 1797 132 1829 surus.

39 1892 40 1895 ,
88 1843 313 1902 49.-Resp.11.si
324 1843 475 1889 confessarius
487 1843 740 1904 neglexItintemogane

59 1903 206 1962 poenitentem
217 1906 244 1949 de
253 1904 328 1960 specie
337 1907 361 1949 et
368 1917 461 1950 numero
471 1909 614 1961 peccatorum
624 1906 739 1962 gravium,

10 1998 12 2004 ,
55 1965 143 2021 potest,
155 1967 179 2009 et
193 1964 259 2008 debet
269 1963 416 2022 poenitentem
427 1965 499 2008 adhuc
511 1964 534 2007 in
550 1966 603 2009 sede
616 1965 741 2010 confessio·
771 1976 773 1978 ’

59 2023 109 2068 nali
116 2024 245 2069 flectentem
261 2023 404 2082 interrogare
415 2025 483 2070 etiam
494 2028 546 2083 post
561 2026 638 2072 datam
649 2025 742 2072 absolu·

51 2085 154 2142 tionem,
166 2088 190 2131 et
203 2097 295 2130 monere
312 2085 339 2129 de
353 2085 537 2144 obligationibus,
548 2086 576 2131 de
587 2087 667 2144 quibus
682 2086 742 2131 forte

62 2280 73 2317 Ε
85 2231 108 2316 ῳ
119 2232 175 2318 culs.
186 2227 238 2281 nnn.
248 2232 267 2281 n,
274 2233 316 2280 6193
325 2234 417 2272 simon.
427 2244 446 2283 p.
457 2233 474 2272 a.
485 2246 503 2289 q.
513 2223 543 2273 in.
553 2204 588 2272 sa
599 2240 616 2274 a
624 2246 642 2282 p.
650 2234 672 2272 a.
683 2246 700 2284 q.
711 2236 741 2275 n.
