1577 2464
64 56 96 99 91
147 69 379 101 000-000000000100
394 48 508 100 00000100
524 67 665 115 inserueras

66 169 90 199 se
100 154 135 200 ita
153 155 212 209 cibo,
224 157 261 199 vel
280 161 334 213 0010
348 155 484 212 ingurgitat,
496 158 523 199 01
540 155 621 200 debeat
638 169 748 201 vomere:

65 213 107 259 alii
120 218 197 259 tamen
212 217 272 260 hunc
288 230 302 258 a
316 214 410 259 mortali
428 219 544 260 excusant.
558 216 580 258 4.
594 215 620 259 Si
633 217 716 260 reddat
726 229 751 262 se

66 275 178 331 imparem
189 276 302 320 solvendis
313 274 404 328 debitis,
414 275 453 319 001
463 276 626 330 sustentandae,
637 280 662 319 ut
674 276 750 329 debet,

66 335 169 389 familiae,
184 339 224 387 aut
236 335 313 378 liberis
327 335 351 377 in
368 337 429 378 statu
445 336 593 378 conveniente
605 334 749 379 collocandis.

66 394 89 440 5.
102 394 128 439 Si
145 395 223 451 ponat,
236 394 317 438 saltem
332 394 516 449 interpretativa,
528 395 596 438 finem
608 394 713 439 ultimum
726 395 750 440 in

67 455 107 499 illa
118 456 243 512 voluptate,
256 458 290 509 ut,
302 454 322 498 si
338 455 365 498 ob
384 454 447 498 illam
461 458 553 512 paratus
571 454 601 498 sit
612 455 683 499 Deum
694 468 750 511 gra-

67 515 129 559 viter
139 515 260 569 offendene,
273 517 313 559 aut
330 514 386 559 coelo
397 516 468 559 vellet
483 516 623 569 renuntiare,
636 515 656 558 si
667 528 694 558 ea
704 515 751 560 frui

67 589 158 632 semper
177 579 260 632 posset,
275 575 344 631 juxta
360 575 417 619 illud
436 575 568 632 Pliilppens.
586 587 631 619 111:
648 574 752 629 11000000

68 637 131 681 Deae
144 637 269 680 erraterrat.
282 633 305 679 6.
318 634 344 678 Si
358 648 452 680 excessu
469 650 509 680 suo
525 637 563 679 det
574 648 643 691 grave
656 635 752 680 scanda-

67 696 124 747 lum,
134 696 171 737 001
182 694 260 750 gravis
272 695 360 751 peccati
371 694 483 750 probabili
494 695 594 750 periculo
606 709 630 738 se
643 699 749 750 exponat.

67 754 176 808 Denique,
196 754 215 797 si
234 752 359 810 voluptatis
377 767 453 809 causa,
466 754 504 796 001
520 754 578 797 citra
588 754 752 812 necessitatem

68 818 173 858 vescatur
183 826 259 867 carne,
268 816 308 856 ant
317 813 427 868 sanguine
437 814 544 858 humano,
557 814 606 857 Hoc
617 814 677 857 enim
687 816 751 858 recto

67 876 155 919 0010000
165 872 283 917 instinctui
293 876 414 930 repugnat,
423 874 561 930 horrentque
573 887 650 917 omnes
662 877 751 931 gentes,

16 978 17 982 ,
67 934 111 978 0101
120 935 239 977 admodum
254 934 365 978 barbarae.
380 934 422 977 His
433 937 509 977 tamen
527 933 631 978 alteratis
642 933 666 977 in
678 935 753 979 metli-

66 993 117 1039 cina
131 993 165 1037 011
174 993 306 1050 quandoque
323 993 386 1048 licet,
398 993 451 1049 quia
465 1006 506 1050 per
520 993 679 1037 alterationem
691 994 752 1038 desi-

67 1057 124 1099 nunt
135 1067 185 1097 esse
196 1067 249 1098 earo
261 1057 284 1097 et
293 1053 385 1109 sanguis
395 1053 515 1098 humanus.

98 1114 217 1169 8110000.
230 1113 271 1157 ΙΙΙ.
287 1114 401 1170 Praeoipui
416 1115 476 1169 gulae
489 1127 594 1158 excessus
605 1113 679 1170 magis
689 1113 753 1157 ordi-

68 1173 128 1217 narii
151 1177 204 1216 sunt
225 1173 371 1227 comessatio,
394 1174 418 1218 et
438 1171 570 1226 inebriatio,
594 1185 636 1215 000
654 1172 752 1216 ebrietas

68 1234 142 1278 active
158 1236 256 1290 sumpta.
268 1232 408 1278 comessatio
425 1235 460 1277 est
475 1232 617 1276 inordinatus
633 1245 687 1276 usus
697 1231 751 1284 eibi,

68 1293 106 1336 vel
115 1293 190 1337 victus
206 1294 229 1335 10
244 1292 355 1337 conviviis
370 1291 547 1349 intempestivis,
560 1293 682 1337 comessari
693 1293 752 1336 enim

67 1352 159 1405 dicitur,
178 1352 216 1406 qui
232 1351 336 1406 indulget
353 1351 400 1394 illis
413 1363 419 1395 ε
431 1365 455 1396 v.
475 1365 498 1408 g.
515 1364 594 1406 mane,
615 1366 628 1395 a
646 1352 752 1408 prandio,

67 1414 119 1470 post
135 1424 230 1456 coenam.
243 1410 333 1455 Dicitur
353 1411 423 1454 etiam
441 1410 543 1467 crapula,
561 1413 584 1453 et
599 1412 697 1455 sumitur
712 1422 754 1466 pro

68 1474 213 1528 frequentata
228 1471 351 1527 potatione,
364 1473 388 1515 et
403 1470 529 1515 roratione.
544 1470 649 1514 Ebrietas
666 1473 755 1514 00100-

68 1531 181 1577 00000010
196 1535 251 1586 0010
269 1544 339 1587 usque
359 1532 389 1576 001
406 1531 531 1575 violentam
550 1531 754 1587 perturbationem,

69 1591 107 1636 001
123 1591 275 1647 privationem
289 1590 394 1635 rationis.
413 1590 530 1635 Dividitur
547 1591 571 1634 in
587 1590 753 1648 imperfectam,

69 1653 93 1695 et
110 1650 243 1707 perfectam.
255 1649 393 1708 Imperfeota
406 1652 442 1695 est
458 1663 563 1694 excessus
578 1649 602 1693 10
617 1653 673 1708 0010
685 1662 756 1707 usque

71 1710 99 1756 ad
109 1710 303 1768 perturbationem
318 1708 415 1754 rationis
426 1709 533 1766 aliquam,
546 1710 610 1755 00100
622 1711 695 1754 adhuc
705 1710 756 1767 eJ'us

71 1784 122 1824 usu,
134 1771 175 1814 aut
184 1770 286 1827 potentia
296 1771 402 1827 proxima
417 1771 503 1824 utendi,
514 1774 624 1827 quantum
634 1768 716 1815 sufficit
728 1769 757 1815 ad

71 1829 184 1885 agendum
193 1830 323 1885 moraliter,
332 1831 381 1874 haec
389 1830 492 1885 potentia
500 1831 573 1874 adhue
581 1830 659 1874 adesse
670 1832 757 1886 potest,

71 1889 116 1934 etsi
130 1889 250 1945 phantasia
266 1890 297 1934 sit
313 1888 429 1934 nonnihil
448 1889 548 1944 turbata,
564 1888 650 1947 110000
662 1889 757 1943 titubet,

71 1949 141 2007 pedes
152 1948 268 2003 vacillent,
281 1949 340 1993 00011
352 1949 446 1993 videant
461 1950 568 2006 duplicia,
581 1949 618 1993 vel
629 1949 760 1994 [10010001-

71 2010 154 2053 deatur
165 2006 258 2065 gyrari;
272 2008 372 2065 adeoque
381 2008 477 2055 necdum
487 2011 593 2054 censetur
602 2009 681 2053 adesse
692 2008 761 2066 plena

73 2067 186 2122 ebrietas,
198 2066 264 2111 modo
277 2068 352 2113 adhue
362 2068 436 2126 possit
452 2068 581 2115 discernere
598 2069 662 2113 inter*
676 2068 761 2112 bonum

72 2130 97 2174 et
106 2127 193 2174 malum
201 2126 405 2184 moraleiaslotz
413 2141 464 2176 oum
471 2128 585 2177 communi
597 2127 640 2189 (1).
652 2128 761 2180 Ebrietas

97 2261 122 2312 (0
133 2262 159 2302 cr.
169 2263 188 2303 s.
198 2263 254 2314 nnn.
265 2263 284 2302 0.
295 2262 318 2302 ne
327 2268 344 2302 0
353 2265 382 2302 ro.
