1577 2464
24 45 91 108 ⁰2158
128 36 485 104 nuo-cournssumusaaronica
501 49 641 116 rusrnuorus
682 102 684 105 f

42 145 153 192 >tisfacere
170 151 328 197 oreditoribus.
345 152 381 197 Ita
392 153 456 203 docet
470 152 497 196 P.
515 151 548 209 La
564 149 633 193 Uroix
644 148 661 193 l.
681 147 725 203 III,

47 221 70 265 p.
81 208 104 263 2,
125 223 163 253 nu.
177 213 222 256 432
232 216 256 257 et
265 213 318 267 436,
332 214 369 256 ubi
380 217 444 257 notat
454 226 482 255 ex
493 211 618 264 Dioastillo,
632 223 675 253 non
687 213 727 253 te-

39 268 97 311 :neri
106 273 186 325 postea
199 273 329 325 restituere,
342 273 385 317 nisi
396 271 630 330 quantumcomtnode
640 272 726 327 potest,

47 326 91 372 hoc
102 333 145 382 est,
159 332 223 376 salva
234 340 333 388 corrgrua
344 334 517 383 sustentatione.

80 389 150 433 11⁰Si
161 393 196 434 vir
204 393 326 447 sumpserit
337 392 444 449 capitalia
454 394 578 436 adeersum
590 390 727 445 assignando

40 447 107 493 tbona
119 462 159 494 sua
176 465 225 495 cum
240 452 304 495 bonis
314 452 392 495 uxoris
407 466 448 508 pro
464 453 599 509 hypotheca,
617 464 662 493 non
673 449 729 493 obli-

49 513 135 563 gantur
158 510 216 554 bona
226 512 312 565 uxoris,
325 512 368 554 nisi
384 512 424 554 illa
435 514 581 562 consenserit,
599 514 621 553 et
632 511 729 566 privile-

11 617 16 629 Α
49 566 97 622 gio,
110 571 169 624 quod
186 571 254 613 habet
270 583 298 612 ex
316 570 532 615 Senatus-Consultu
549 568 667 615 Velleiano
684 569 693 627 (
708 568 727 627 ),

49 630 221 674 renunciaverit
226 643 276 674 oum
283 631 413 686 J'uramento
421 631 458 674 vel
470 631 608 675 sufficienter
619 631 645 673 de
654 630 730 685 priui-

50 686 113 744 legio
124 701 163 732 suo
176 690 286 733 instructa
297 703 373 733 eoram
385 690 481 734 Notario
495 704 500 734 :
513 691 536 734 id
547 691 605 747 quod
621 690 676 732 bene
686 702 730 732 no-

11 786 12 789 ,
40 749 143 791 >tandum
159 750 196 802 iis,
213 751 252 805 qui
266 750 374 805 capitalia
385 752 413 793 ad
430 765 522 793 censum
532 751 628 804 elocant,
646 752 686 792 ant
696 749 729 792 ti-

40 807 109 851 ·tulos
120 809 268 853 ordinationis
279 823 308 852 ex
322 810 386 853 bonis
402 810 481 853 alienis
497 814 583 853 erectos
595 809 709 865 accipiunt
722 820 727 851 :

49 867 93 910 nisi
109 868 168 910 enim
185 869 289 922 addatur,
308 869 327 911 si
343 870 401 912 bona
417 870 445 912 ad
462 883 554 912 uxorem
572 869 639 912 simul
654 867 729 924 perti-

49 930 125 980 neant,
133 942 183 969 eam
194 929 342 982 consensisse,
351 931 375 972 et
382 929 503 984 privilegio
514 930 667 982 renunciasse,
678 930 730 970 acta

42 998 93 1029 „non
113 987 294 1046 substantiata).

50 1139 51 1142 Ἰ
74 1092 98 1138 (l)
107 1094 132 1130 tl.
143 1095 183 1140 Dig.
192 1096 239 1130 XVI.
248 1096 265 1131 l.
276 1096 318 1131 Cod.
330 1097 358 1130 lV.
369 1095 390 1131 29
400 1106 404 1131 :
415 1097 438 1132 ad
447 1097 464 1132 S.
471 1098 489 1132 C.
500 1097 616 1133 Velleianum.
630 1136 632 1138 ,
724 1125 725 1128 ¹

73 1140 129 1187 (2111a
139 1151 160 1176 eu
168 1144 210 1178 lure
220 1145 298 1178 Romano
306 1148 323 1178 et
331 1144 417 1178 Caesareo.
425 1145 443 1177 ln
452 1145 494 1178 lure
501 1149 559 1179 autem
569 1144 629 1179 Galliae
638 1143 731 1180 matrimo-

50 1186 100 1221 nium
113 1190 194 1223 contralri
206 1195 265 1234 potest
280 1190 313 1224 sub
326 1190 392 1233 triplici
404 1191 501 1234 regimine3
516 1191 584 1225 seilicet
598 1191 631 1225 suh
644 1190 730 1235 regimine

41 1233 117 1275 idotalit
131 1235 164 1269 sub
172 1236 259 1280 regimine
267 1236 410 1279 communitatis3
420 1242 437 1270 et
446 1237 479 1270 suh
490 1237 576 1281 regimine
587 1238 730 1272 communitatem

41 1280 161 1315 excludente.

74 1328 93 1360 l⁰
106 1328 191 1371 Regimen
205 1331 263 1363 dotale
276 1328 352 1363 hahetur
365 1329 435 1373 quaudo
446 1330 530 1374 conjuges
545 1339 627 1372 expresse
639 1329 731 1364 declarant

50 1372 98 1407 hona
105 1374 123 1407 in
132 1374 191 1408 dotem
199 1375 294 1409 constituta
301 1376 370 1419 integra
379 1385 472 1410 remanere
480 1385 550 1420 semper
562 1376 637 1418 dehere;
646 1380 670 1419 et,
680 1376 731 1410 finita

42 1420 140 1464 societate,
151 1420 232 1455 intutum
241 1421 278 1456 fore
285 1421 400 1455 restituenda.

74 1467 93 1499 2⁰
102 1468 187 1511 Regimen
199 1471 330 1502 corttmatailalt's
339 1469 396 1502 locum
406 1467 459 1502 habet
468 1467 538 1512 quando
548 1469 575 1503 vir
584 1472 601 1502 et
610 1468 680 1512 mulier,
691 1478 731 1503 nta-

50 1511 153 1547 trimoniurn
165 1515 293 1559 contrahendo,
303 1515 397 1559 quamdam
410 1514 513 1549 societatem
523 1515 542 1549 in
553 1515 604 1549 honis
614 1525 651 1549 suis
661 1516 728 1549 ineunt.

51 1559 186 1595 Gonmunuaus
194 1561 258 1596 dicitnr
266 1564 332 1607 tepetis,
342 1562 357 1596 si
364 1561 403 1606 lege
413 1562 490 1606 generali
500 1566 581 1607 regatur3
591 1565 730 1598 eottueattonutte

51 1615 100 1650 vero,
109 1607 124 1642 si
134 1607 210 1651 pendeat
219 1608 350 1652 astipulatione
359 1609 460 1653 conjugum.

75 1652 95 1686 3⁰
103 1655 187 1698 Regimen
193 1658 302 1688 conclusivum
309 1657 441 1688 continuatione
449 1654 516 1688 obtinet
523 1654 592 1699 quando
601 1655 661 1697 sponsi
671 1655 731 1689 decla-

51 1703 92 1732 rant
103 1708 122 1733 se
137 1701 269 1736 matrimonium
283 1700 328 1735 inire
340 1700 378 1735 sine
393 1701 525 1735 communitate.
542 1702 580 1739 Hoc,
592 1706 651 1735 autem
664 1701 730 1745 triplici

44 1745 104 1780 vmodo
112 1746 173 1780 ltabrri
182 1753 246 1790 potest,
255 1747 324 1781 scilicet
332 1746 422 1791 :regimen
434 1746 472 1780 sine
480 1748 605 1781 communitate
613 1750 718 1790 rtrnpllctter
723 1759 731 1791 ;
765 1782 768 1786 ,

51 1792 131 1836 regimen
140 1796 257 1834 seprurottout's
266 1794 353 1827 donorum
359 1804 368 1835 ,τ
373 1793 452 1836 regimen
460 1796 537 1827 mironem
547 1803 569 1828 eu
578 1801 651 1837 utroque
660 1802 731 1837 praece-

45 1835 107 1881 deuti,
118 1848 150 1872 seu
159 1849 199 1873 enm
206 1839 317 1885 separatione
324 1838 396 1884 partiali
403 1838 495 1874 honorum.

75 1885 107 1921 His
117 1885 194 1928 positis:
501 1893 503 1896 ’

47 1933 48 1936 ’
76 1933 89 1967 l.
101 1931 137 1965 Sub
146 1931 231 1975 regimine
241 1935 303 1977 dotali,
313 1942 359 1967 uxor
370 1931 423 1967 habet
434 1932 531 1968 dominium
541 1933 628 1968 directum
641 1933 729 1968 honornm

52 1978 148 2021 dotaliumJ
160 1979 234 2014 maritus
245 1985 303 2014 autem
318 1980 372 2014 habet
383 1980 510 2015 usumfructum
521 1986 538 2015 et
551 1979 730 2024 administrationem,

21 2048 24 2050 -
51 2026 168 2062 salvatamen
179 2026 298 2070 stipulatione,
309 2036 348 2071 qua
358 2031 414 2070 potest
422 2026 459 2061 lieri
471 2028 492 2062 de
500 2026 575 2072 quadarn
583 2031 632 2070 parte
641 2027 730 2062 redituum

51 2074 74 2107 ab
88 2081 144 2107 uxore
156 2072 269 2115 percipienda
281 2083 313 2116 pro
328 2073 366 2107 suis
378 2074 519 2108 necessitatibus
530 2072 611 2106 Attamen
619 2073 634 2107 si
643 2073 675 2107 dos
683 2083 730 2108 con-

45 2120 104 2154 sistat
112 2119 131 2154 in
140 2117 192 2152 bonis
199 2119 255 2162 primo
264 2128 298 2153 usu
307 2119 474 2163 consumptibilibus
484 2120 512 2154 vel
521 2119 643 2153 inmobilibus
652 2119 731 2153 aestima·-

16 2204 18 2208 ,
51 2166 82 2210 tis,
93 2166 168 2200 maritus
177 2164 254 2208 perlecto
263 2166 301 2209 ejus
309 2166 380 2200 domino
391 2166 461 2210 gaudet,
472 2171 489 2201 et
497 2175 542 2200 uror
551 2174 587 2200 non
596 2166 649 2201 habet
656 2167 686 2211 jus
694 2166 730 2201 nisi

51 2212 74 2246 ad
84 2213 168 2250 valorem.
178 2211 228 2249 Tunc
237 2212 275 2255 eius
283 2212 374 2247 restitutio
383 2215 418 2246 non
427 2215 488 2257 potest
495 2212 541 2258 exigi
552 2211 588 2245 nisi
596 2217 712 2256 post-annum
719 2222 732 2246 a

44 2258 109 2293 :soluto
119 2256 240 2292 matrimonio.
666 2282 669 2285 «
718 2259 749 2284 --l
