1577 2464
285 96 345 127 enas
361 95 395 136 111,
418 94 515 124 cneori
695 79 739 126 231

60 179 141 224 naliter
149 180 280 226 inevitabile
292 195 297 227 :
309 182 369 226 aliud
379 180 620 239 proximnmrespectn
632 180 739 236 omnium,
783 219 784 222 ,

60 241 121 285 alind
133 245 237 299 respectu
248 245 314 287 unius
330 243 467 299 proximum,
480 245 584 298 respectu
598 240 692 284 alterins
703 256 741 285 re-

60 304 156 356 motum,
167 305 211 347 etc.
224 303 354 347 Periculum
371 303 499 360 proximum
511 302 572 345 alind
590 304 625 344 est
635 300 740 356 formale,

61 361 120 419 quod
129 362 176 405 vim
188 377 251 407 suam
270 365 297 407 ad
308 362 450 419 frequentem
463 362 550 419 lapsum
567 360 741 410 inducenclifre-

60 421 120 465 tinet
135 423 172 466 hic
188 427 209 467 et
225 437 291 477 nunc,
306 424 376 467 etiam
394 422 536 467 considerato
552 422 666 479 subject03
681 421 742 465 aliud

60 483 188 536 materiale,
208 484 267 539 quod
282 483 305 526 in
320 497 343 527 se
360 484 449 539 quidem
468 483 514 525 vim
531 482 594 525 illam
610 482 703 535 retinet,
716 481 744 527 ob

61 541 182 597 specialem
207 545 284 587 tanton
309 543 404 600 subjecti
430 542 600 598 dispositionem
622 555 666 584 non
686 541 744 585 solet

61 614 112 643 cum
123 606 215 657 peccato
231 603 346 660 conjungi,
363 606 403 646 ant
418 603 501 653 merito
513 602 613 646 creditur
627 614 672 645 non
688 614 744 644 eon-

47 660 209 718 <jungendum
226 665 249 707 et
266 663 308 707 hoc
323 663 392 708 etiam
409 661 492 707 dicitnr
508 662 603 706 formale
617 661 745 719 respective

62 725 183 765 remotum.
196 723 302 767 Formale
319 724 446 779 proximum
458 724 518 766 aliod
531 726 565 766 est
582 736 622 777 per
638 736 671 775 se,
684 722 745 766 aliud

62 794 103 838 per
115 782 218 826 accidens
228 784 283 837 tale,
295 783 329 827 uti
344 783 389 827 dixi
402 784 429 826 de
440 783 563 827 occasione.
580 782 652 835 Quod,
665 782 684 824 si
695 795 746 824 me-

3 897 4 900 *
28 880 31 884 .
63 841 109 883 rito
122 842 245 897 judicetur,
261 847 377 899 peccatum
392 846 454 887 certo
465 857 494 886 ex
504 842 543 885 illo
555 846 694 895 secuturum,
708 841 745 885 di-

64 901 125 944 citur
135 901 231 945 iormale
240 902 375 959 *proximum
392 906 492 955 certunm
512 903 530 946 si
543 906 617 945 autam
629 902 656 945 ob
672 901 746 944 ratio-

57 972 115 1004 nem
128 975 222 1018 gravem
234 963 333 1021 quidem,
346 966 446 1007 attamen
456 964 575 1016 incertam,
588 962 691 1006 futurum
701 976 745 1018 pu-

64 1024 135 1075 tetur,
152 1022 235 1066 <licitur
253 1024 376 1079 pericnlum
395 1023 490 1066 formale
507 1023 630 1078 probabile.
653 1023 678 1065 Si
696 1022 747 1077 quis

65 1081 124 1124 eitra
137 1082 247 1126 motivum
259 1083 357 1139 prudens
368 1082 456 1135 timeat,
469 1081 506 1125 vel
518 1082 652 1139 suspicetur,
666 1095 689 1125 se
699 1081 748 1139 lap·

65 1155 156 1196 aarum·
166 1143 290 1198 periculum
305 1144 350 1188 erit
365 1143 425 1187 leve.
442 1143 516 1186 Gobat
530 1156 570 1199 pro
590 1143 654 1198 praxi
672 1145 745 1198 putat,

66 1201 133 1256 qnod,
144 1203 182 1258 qui
192 1202 243 1256 scit,
256 1203 276 1248 si
287 1204 360 1246 decies
369 1204 435 1246 adeat
445 1203 578 1259 periculum„
591 1217 613 1246 v.
623 1217 645 1254 fr.
658 1216 749 1245 consor-

65 1261 132 1313 tium,
144 1261 225 1306 setabi
237 1264 329 1319 septies,
340 1264 377 1305 nel
390 1264 468 1316 octies,
481 1263 605 1319 pericnlum
616 1263 645 1305 sit
657 1261 690 1304 illi
701 1275 748 1305 mo-

65 1320 147 1365 raliter
157 1326 244 1365 certum
257 1324 289 1365 :si
302 1326 376 1366 autem
388 1327 432 1378 ter,
442 1323 478 1366 vel
490 1327 578 1379 qnater,
591 1326 676 1376 censet,
689 1322 747 1378 qnod

66 1383 156 1426 tantum
165 1381 195 1426 sit
206 1384 334 1440 probabile3
344 1384 395 1427 leve
403 1396 467 1436 vero,
478 1383 499 1427 'si
507 1396 620 1439 antiquam
628 1383 702 1437 cadat,
712 1381 749 1426 vel

65 1441 125 1485 torte
142 1444 226 1496 semel,
246 1441 286 1486 aut
306 1458 359 1486 raro
377 1448 399 1486 et
420 1443 492 1486 veluti
511 1457 572 1485 casn.
590 1444 671 1494 Porro,
695 1445 748 1498 quot

66 1500 144 1558 lapsus
152 1501 307 1559 requirantur,
318 1506 342 1548 ut
350 1503 400 1559 quis
407 1502 430 1547 in
438 1502 553 1547 occasione
561 1506 624 1546 certa
630 1504 749 1547 censeatur

68 1562 201 1617 frequenter
212 1563 266 1613 labi,
285 1565 349 1606 varie
361 1564 519 1607 aestimandum
532 1566 566 1605 est
577 1564 698 1605 secundnm
714 1563 751 1605 di-

68 1623 138 1664 cenda
149 1635 210 1664 num.
230 1623 282 1665 175.
299 1623 396 1670 Quidam
408 1623 489 1665 merito
506 1622 751 1676 censent'irequentem

67 1693 117 1723 esse
128 1680 226 1737 lapsum,
239 1681 258 1725 si
275 1681 393 1738 contingat
404 1681 452 1725 fere
464 1682 492 1725 ad
503 1681 603 1737 singulas
621 1681 751 1725 occasiones

66 1742 220 1785 recurrentes.
668 1743 669 1746 ’
