1577 2464
42 60 88 107 114
125 74 358 125 nno-connnssnnms
373 77 486 110 innormis
502 75 642 108 insincerus

42 159 134 205 labores
144 163 291 219 perferendos
304 176 309 208 :
322 167 374 220 post
383 164 528 221 trigesimum
538 163 644 215 dicuntur
654 161 701 206 viri
711 175 724 206 a

42 219 132 265 viribus
146 222 197 279 jam
212 224 330 268 robustis:
346 227 398 280 post
415 233 498 268 annum
514 222 724 278 quinquagesimum

23 339 26 342 Δ
42 279 156 337 incipiunt
170 283 232 330 vires
244 283 351 337 deficere,
366 285 495 341 praesertim
513 283 541 327 ab
556 296 615 326 anno
626 295 725 339 sexage-

43 340 110 384 simo.
126 340 169 384 His
186 342 326 399 temporibus
343 345 396 386 sunt
413 356 486 388 senes.
504 344 569 386 Anno
587 342 725 397 octogesimo

43 413 109 445 senes
123 401 240 458 decrepiti.
252 401 290 446 Sic
301 401 457 459 pariformiter
474 403 609 459 loquendum
618 403 646 446 de
657 400 725 445 femi-

42 461 88 515 nis,
98 474 149 516 quae
158 475 228 518 usque
236 463 264 505 ad
271 473 354 505 annum
364 463 519 507 duodecimum
528 463 633 507 dicuntur
643 461 726 518 puellae

43 532 84 563 seu
99 533 188 577 puerae;
205 522 247 565 hoc
263 522 323 565 enim
341 535 399 567 anno
415 524 527 579 completo
543 525 595 566 sunt
613 521 700 565 nubiles
719 533 724 564 :

43 579 130 624 Deinde
139 582 244 635 dicuntur
254 582 417 636 adolescentes,
429 584 545 635 mulieres,
558 586 601 625 etc.
610 581 726 625 dirriscon·

21 653 23 655 ·
42 638 99 682 sulti
123 639 358 695 infantes-appellant
379 642 501 697 septimum
525 654 609 685 annum
630 641 726 683 necdum
755 660 756 663 ¹

10 725 12 727 -
35 710 157 755 egressos,
167 698 265 756 pupillos
273 700 301 744 ad
310 713 380 745 annos
388 701 523 757 pubertatis,
533 714 573 746 seu
580 699 725 745 matrimonio

44 760 109 815 aptos
123 770 128 802 :
141 758 168 802 ab
184 771 243 803 anno
254 758 341 805 decimo
352 764 437 804 octavo
447 760 602 805 adolescentes
614 772 620 805 :
633 760 725 817 avige-

41 820 101 862 simo
111 818 189 875 quinto
197 818 303 876 juvenes.
313 819 357 863 His
368 821 501 875 oraemissis,
512 820 546 877 sit

302 975 432 1024 QUESTIO
442 976 461 1019 1.

34 1107 36 1110 .
68 1081 70 1087 ’
114 1072 170 1128 duc
181 1073 243 1121 circu
250 1086 333 1133 pueros
342 1077 364 1120 et
372 1073 490 1134 pudicius
501 1073 653 1120 observando?

41 1174 85 1212 100,
97 1175 144 1210 Usus
153 1175 228 1210 rationis
237 1175 337 1219 exponitur.
347 1192 371 1201 ·-
380 1175 435 1222 Signa
443 1185 488 1211 usus
496 1175 577 1210 rationis.
587 1190 612 1200 -·
620 1173 661 1210 toi.
673 1173 726 1209 Pueri

67 1221 127 1265 adepti
136 1231 189 1257 usum
198 1222 273 1257 rationis
282 1223 341 1258 statim
352 1226 435 1258 tenentur
443 1222 482 1267 lege
497 1222 573 1257 naturali
581 1232 585 1265 ;
599 1231 635 1256 non
649 1221 725 1265 positiva

67 1273 127 1304 tamen
137 1269 214 1303 huorono
226 1273 266 1304 ante
275 1269 395 1314 septennium.
406 1287 429 1295 -
438 1269 512 1311 Quando
525 1269 586 1314 pueris
602 1268 687 1302 uiaticum
696 1276 726 1302 sa-

47 1323 49 1325 ’
66 1325 117 1351 crum
128 1315 221 1351 dandum?
229 1334 252 1342 -
261 1317 300 1350 Non
311 1317 404 1351 incurrunt
412 1324 503 1350 censuras.
513 1333 536 1341 -
546 1315 585 1349 idi.
597 1315 673 1349 Excnren
683 1324 727 1358 pue-

66 1371 134 1399 rorum.
145 1381 169 1388 -
179 1360 219 1398 103.
230 1361 256 1397 nd
266 1372 306 1407 quoe
315 1363 404 1399 excitandi
416 1361 482 1407 puerit
489 1380 512 1388 -
523 1361 564 1397 104.
575 1361 666 1403 Quomodo
675 1360 726 1405 pueri

67 1408 157 1445 excitandi
166 1409 189 1443 ad
197 1408 289 1444 dolorem?
296 1427 320 1436 -
329 1408 368 1444 tot.
379 1409 485 1451 Pocnitcntio
493 1413 511 1443 et
519 1408 607 1443 absolutio
617 1408 677 1452 pueris
687 1415 726 1453 quon

67 1459 85 1492 et
93 1454 182 1500 quomodo
189 1453 266 1491 condet

74 1541 127 1586 100.
139 1566 169 1575 -
180 1544 252 1587 RnsP.
265 1544 285 1585 Ι.
298 1543 423 1598 sequentia.
436 1542 523 1586 Primo.
535 1541 596 1586 Ante
607 1555 672 1586 usum
685 1555 725 1585 ra-

42 1602 113 1645 tionis
122 1615 188 1645 nemo
198 1616 270 1658 capax
282 1607 316 1645 est
334 1602 411 1645 meriti
422 1605 445 1643 et
456 1601 568 1655 demeriti,
578 1614 617 1644 seu
625 1601 722 1657 peccari.

43 1662 86 1707 Est
96 1664 172 1706 autem
183 1674 236 1706 usus
247 1662 351 1716 rationis,
365 1663 446 1717 dequo
458 1662 495 1704 hic
506 1672 566 1718 saepe
575 1661 667 1704 dubium
679 1664 722 1715 cst,

1 1763 2 1766 ,
18 1736 21 1738 ’
43 1722 67 1766 in
79 1723 130 1765 actu
142 1722 215 1778 primo
226 1724 350 1779 spectatus,
362 1733 402 1765 seu
412 1720 550 1777 potentialis,
563 1720 677 1777 capacitas
687 1720 724 1764 fe·

43 1782 108 1826 rendi
117 1780 208 1824 firmum
219 1787 243 1825 et
252 1784 359 1825 constans
367 1781 478 1837 judicium
489 1782 516 1825 de
528 1780 620 1838 objecti,
635 1781 672 1823 vel
683 1794 724 1824 ac-

44 1842 122 1893 tionis,
135 1845 175 1884 aut
192 1842 319 1885 omissionis
340 1841 440 1884 bonitate
455 1845 478 1885 et
494 1842 583 1884 malitia
594 1840 684 1883 morali.
697 1841 723 1884 In

43 1903 97 1944 actu
108 1900 213 1954 secundo,
224 1914 264 1945 seu
279 1899 383 1954 aetuans,
396 1902 430 1943 est
444 1900 543 1957 cognitio
555 1898 685 1943 intellectus
696 1900 724 1943 de

43 1961 146 2005 bonitate
160 1963 184 2003 et
202 1960 291 2004 malitia
311 1960 401 2015 morali,
413 1962 535 2017 procedens
553 1960 580 2003 ab
598 1959 688 2002 homine
700 1960 723 2003 in

42 2022 85 2067 tali
96 2023 167 2074 statu,
180 2023 205 2063 ut
216 2021 308 2064 firmum
318 2020 390 2079 possit
410 2025 559 2076 constansque
571 2020 598 2063 de
608 2020 654 2064 iilis
663 2020 723 2075 judi-

42 2084 104 2126 cium
114 2080 194 2123 ferre:
210 2081 253 2124 hoc
269 2080 289 2124 si
302 2080 370 2132 ferat,
383 2081 428 2125 crit
442 2095 495 2125 usus
513 2079 609 2123 rationis
627 2080 723 2124 actualis

42 2141 166 2199 perfectus,
179 2152 243 2183 secus
251 2139 405 2197 imperfectos,
416 2141 489 2197 qualis
499 2141 534 2184 est
543 2140 566 2182 in
582 2138 721 2195 semisopito.

43 2202 108 2248 Unde
124 2202 152 2245 ad
164 2213 229 2244 usum
240 2199 335 2243 rationis
347 2201 493 2246 sufficientem
513 2201 540 2244 ad
557 2200 688 2244 merendum
700 2202 724 2245 et

40 2263 204 2308 demerendum
222 2274 266 2304 non
281 2260 363 2305 sufficit
376 2275 515 2318 quaecunque
533 2259 633 2317 cognitio
651 2260 723 2307 intel·
