1577 2464
226 110 227 113 *
280 99 339 132 rans
354 101 388 141 111,
409 101 482 130 curor
497 100 522 131 m
697 76 741 132 '287

53 182 230 240 'patriamnobis
236 185 317 230 eoelum
324 187 474 240 designatum,
482 188 526 229 eto.
535 186 633 230 Proinde
640 191 741 244 acceptet

50 244 165 288 “morbum
181 246 208 290 de
219 258 287 289 manu
304 245 390 301 Patris,
412 248 434 295 et
446 248 522 288 vertat
533 245 555 288 in
566 246 648 290 bonum
660 248 740 291 animae
760 250 762 252 ’

63 306 147 347 suaset
167 306 225 360 quod
245 304 293 361 pati
304 306 377 359 debet,
401 304 620 361 libenterpatiatur3
642 307 748 363 alioquin,

62 375 170 419 passurus
178 368 263 418 tamen,
274 366 313 408 sed
322 365 369 407 sine
380 365 470 407 merito.

92 423 115 466 4.
136 422 161 467 si
181 438 225 467 non
244 424 314 468 instet
337 424 462 480 perieulum
481 422 569 477 mortis,
591 437 634 468 non
652 423 742 481 ingerat

63 483 141 527 statim
150 484 287 527 mentionem
297 484 456 538 confessionis3
469 485 516 538 sed,
529 485 552 542 si
559 485 618 527 forte
630 499 679 527 eam
691 486 743 528 bor-

62 547 121 598 reat,
133 544 195 600 prius
213 545 303 587 studeat
322 544 370 600 epus
385 544 485 588 animum
495 543 579 588 luorari
591 546 614 587 et
625 544 742 600 disponere

63 603 90 646 ad
112 604 174 647 illam
192 617 236 645 non
254 605 418 658 advertentem,
439 618 462 648 v.
481 617 504 660 g.
525 606 654 660 exponendo
666 604 708 647 Dei
719 603 742 647 in

62 662 185 706 humanum
198 676 269 719 genus
287 664 429 721 eharitatem,
452 667 569 720 paternam
586 665 694 720 haetenus
707 663 742 706 ¹de

48 734 54 742 ”
63 722 127 765 nobis
145 736 231 776 euram,
253 724 385 767 beneficium
407 723 531 767 vocationis
555 724 582 766 ad
607 724 685 766 veram
707 724 741 766 sui

64 782 210 838 agnitionem,
223 783 355 826 beneficium
364 783 484 838 Baptismi‚
497 783 582 826 Christi
592 785 615 825 in
627 797 666 825 nos
678 796 743 825 amo·
768 793 771 815 ³

63 854 121 894 rem,
139 845 218 899 potens
229 843 379 900 patrocinium
392 843 587 899 Virginis‘Matris
606 843 663 900 ejus,
677 858 743 899 quam

64 903 136 946 voluit
148 906 170 947 et
182 917 230 947 esse
246 906 344 948 matrem
362 906 471 957 nostram,
484 917 534 959 quae
545 905 627 959 gaudet
643 904 743 946 interce-

64 964 117 1005 dere
128 977 170 1019 pro.
178 963 249 1005 nobis.

94 1023 116 1064 5'.
135 1023 183 1064 Hoo
194 1023 259 1064 niodo
280 1021 381 1066 lucratus
402 1020 471 1065 animi
482 1025 588 1077 partem3.
606 1023 624 1065 si
635 1022 684 1077 ipse
699 1035 743 1064 non

64 1080 170 1137 insinuet,
183 1082 242 1125 velle
254 1094 277 1126 se
299 1081 409 1134 confiteri,
431 1084 541 1137 proponat
552 1081 586 1123 illi
597 1080 743 1124 eonfessionis

64 1142 195 1193 utilitatem,
214 1141 350 1184 ostendendo
366 1142 424 1183 hano
438 1140 540 1184 conferre
552 1143 579 1184 ad
591 1141 660 1183 animi
679 1141 744 1196 quie-

63 1202 119 1252 tem,
135 1201 209 1243 animo
222 1204 296 1243 autern
308 1201 383 1255 quieto
398 1200 486 1244 t'aoiiius
498 1200 628 1257 recuperari
644 1200 744 1256 corporis

50 1260 194 1313 ‘sanitatem
208 1261 382 1317 quamanimae
394 1259 503 1305 sollicitus
519 1260 614 1318 impedit
627 1272 632 1318 ς
653 1261 743 1304 morbos

64 1334 124 1376 saepe
136 1334 185 1364 esse
196 1322 294 1372 nuntios,
306 1321 385 1375 quibus
400 1320 485 1363 indicat
504 1322 572 1371 Deus,
585 1334 666 1377 cupere
675 1335 708 1374 se,
719 1323 745 1363 ut
774 1363 778 1366 .

64 1380 153 1434 penitus
165 1381 192 1422 ad
211 1394 234 1423 se
251 1394 290 1422 nos
301 1382 459 1422 convertamus
470 1392 475 1422 ς
488 1381 546 1422 hano
566 1392 615 1422 esse
633 1379 745 1421 suavissi-

63 1451 124 1481 mam
144 1439 194 1483 DEI
210 1439 384 1495 providentiam‚
404 1439 489 1483 seilicet
510 1453 602 1482 monere
620 1452 668 1494 nos,
691 1440 743 1481 dum

65 1499 136 1542 adhue
154 1513 217 1543 mens
228 1503 250 1543 et
259 1513 338 1544 sensus
348 1500 427 1556 vigent
442 1511 446 1543 :
460 1499 572 1543 monuisse
594 1502 616 1542 et
627 1500 668 1542 hoo
680 1498 744 1543 Chri-

64 1562 124 1602 stum
140 1574 179 1603 suo
201 1561 312 1615 exemplo,
325 1561 363 1615 qui
380 1560 402 1602 in
417 1574 483 1603 oruoe
502 1561 633 1611 moriturus,
647 1560 743 1616 primam

64 1632 141 1663 euram
149 1620 236 1672 habuit,
247 1624 271 1662 ut
283 1622 390 1676 petereta
400 1621 469 1663 Patre
478 1619 567 1662 veniam
579 1620 742 1675 peccatoribus:

64 1678 121 1722 nulii
137 1680 237 1735 periculo
249 1680 397 1734 objiciendam
408 1693 457 1722 esse
478 1680 584 1732 animam,
598 1693 664 1734 quam
676 1679 744 1721 habet

41 1739 53 1754 ²
64 1738 153 1782 unicam
167 1751 171 1782 :
191 1738 252 1782 nulla
263 1738 318 1782 satis
329 1752 413 1796 magua
425 1738 542 1792 securitas,
554 1739 591 1782 ubi
601 1738 744 1795 periolitatur

65 1799 189 1843 aeternitas,

94 1857 117 1902 6.
130 1858 154 1902 Si
167 1871 228 1913 aeger
235 1859 400 1913 petatmoram,
411 1872 433 1901 v.
442 1873 465 1915 g.
475 1858 546 1913 horae,
554 1860 579 1901 ub
587 1872 610 1902 se
620 1859 741 1914 praeparet,

53 1919 204 1962 'conuertenda
215 1918 249 1961 iili
267 1922 309 1971 est,
321 1918 365 1961 nisi
377 1920 451 1962 obstet
467 1918 599 1974 perieulum.
615 1918 744 1961 Cavendum

64 1981 141 2022 tamen
163 1993 189 2021 ne
202 1979 240 2020 diu
252 1978 376 2031 differatur,
390 1978 517 2034 praesertim
532 1979 555 2021 in
566 1978 666 2034 febribus
677 1976 742 2020 mali-

47 2052 52 2056 ’·
64 2037 124 2093 gnis,
147 2052 174 2081 ne
188 2035 273 2080 'delirio
288 2040 367 2093 postea
386 2040 564 2094 praeoooupatus,
583 2037 743 2080 confessionem

64 2111 108 2140 non
125 2097 197 2153 possit
215 2097 311 2154 amplius
321 2110 439 2153 peragere,
454 2098 478 2141 Si
495 2099 522 2141 de
533 2098 569 2141 die
579 2096 601 2140 in
619 2097 678 2140 diem
689 2094 743 2138 uelit

47 2168 54 2174 ’·
65 2157 164 2218 differrp,
175 2159 288 2213 urgendus
300 2160 335 2201 est
350 2156 460 2212 suaviter,
472 2157 668 2215 proponendoDei
683 2156 743 2198 invi-

64 2218 135 2261 tantis
156 2232 256 2260 amorem
277 2218 455 2271 etdesiderium,
477 2222 503 2261 ut
521 2219 655 2272 obsequatur
669 2228 673 2257 :
686 2227 745 2270 gauf

65 2277 125 2320 dium
140 2277 233 2334 Christi,
243 2279 301 2334 quod
315 2277 390 2333 habet,
410 2277 499 2321 ovioula
516 2277 553 2322 vel
568 2290 611 2320 una
626 2277 653 2319 ad
670 2287 696 2320 se
706 2288 746 2319 re-
