1577 2464
72 99 117 147 130
153 93 386 148 rno-conrussnmvs
401 114 515 147 raconem
532 114 673 148 mscnucrvs

72 213 115 258 que
127 201 253 257 periculum
266 203 295 246 ab
305 205 401 257 utroque
416 200 489 259 (quod
503 213 556 243 raro
572 202 644 250 abest,
657 200 677 244 si
691 201 754 245 actus

72 261 221 317 reiterentur,
233 261 271 306 vel
286 262 342 307 fiant
359 274 410 305 cum
422 272 486 304 mora
501 262 541 303 aut
560 259 659 315 ardore),
674 260 754 304 illicite

72 321 195 379 permittit,
206 325 232 366 ut
242 326 330 366 constat
340 334 369 364 ex
379 321 459 375 dictis3
471 322 594 378 peccatque
602 321 754 378 permittendo

73 381 185 439 graviter,
198 381 217 426 si
231 382 313 428 merito
323 381 432 425 timeatur
442 393 470 423 ne
482 380 541 425 alter
552 380 675 438 voluptatis
686 382 754 426 causa

3 448 5 451 ’
72 442 97 486 id
110 441 193 496 faciat,
205 441 258 497 quia
276 442 410 497 cooperatur
427 439 477 496 ejus
493 443 594 497 peccato,
613 441 657 485 uisi
675 441 754 497 gravis

73 514 143 547 causa
153 503 279 546 excusaret.
289 501 320 545 Et
329 500 389 545 idem
398 503 434 545 est
444 500 471 544 de
480 504 543 544 tactu
554 501 627 558 turpi3
638 501 685 558 qui,
697 501 716 545 si
726 514 754 546 ex

10 600 12 603 Α
73 561 162 620 objecto
173 561 246 619 turpis
255 564 324 616 esset,
336 561 384 606 sine
395 560 487 605 mortali
498 560 601 618 permitti
612 575 656 606 non
667 564 752 619 potest,

34 636 36 639 ·
73 621 223 667 conformiter
233 635 256 664 n.
267 623 306 666 71.
575 673 577 677 .

104 682 140 725 Ad
149 681 266 730 Quintum.
283 682 366 726 Censet
381 681 415 725 La
425 681 494 726 Groix
509 682 525 725 l.
545 681 567 734 5,
580 696 618 726 nu.
631 681 684 735 282,
702 681 755 725 cho-

73 754 133 793 reas,
146 741 274 797 praesertim
288 745 418 795 nocturnas,
431 755 487 797 quas
500 742 581 797 puellae
597 756 648 785 cum
664 741 755 786 adoles-

22 858 24 860 ,
74 801 176 845 centibus
187 804 347 845 concurrentes
357 800 454 857 agitant,
467 814 517 845 esse
528 801 668 846 occasionem
679 800 755 857 proxi·

73 872 134 907 mam
145 860 252 918 peccandi
260 862 363 918 graviter
373 873 378 904 :
389 859 489 917 eoquod
499 860 653 905 interveniant
668 860 753 915 oscula,

74 921 200 978 amplexus,
220 922 404 978 gesticulationes
419 923 506 980 turpes,
524 922 652 979 petulantes
669 924 752 976 tactus,

15 1015 16 1018 η
73 994 189 1028 sermones
200 982 316 1039 impudici,
325 986 379 1036 ete,
390 982 489 1039 aquibus
497 982 615 1027 moraliter
626 982 666 1027 vix
675 982 753 1027 abesse

73 1046 167 1099 possunt
173 1043 239 1097 pravi
244 1042 526 1101 .motus,imaginationes,
535 1042 704 1095 delectationes,
716 1043 754 1086 de·

74 1101 158 1146 sideria
169 1113 275 1145 venerea.
287 1101 346 1145 Hinc
362 1102 386 1145 S.
399 1101 499 1157 Ephrem
508 1101 602 1145 choreas
613 1103 754 1158 vocatpom-

72 1174 128 1221 pam
139 1160 238 1213 diotolc';
249 1161 273 1204 S.
284 1162 369 1205 Anton.
380 1161 424 1205 tier
435 1160 534 1213 attaholt,¹
543 1162 568 1204 S.
580 1162 661 1218 Chrys.
675 1161 754 1219 tripa-

14 1271 18 1274 ,
43 1234 45 1236 ·
74 1221 123 1278 diu,
139 1220 221 1280 pavitas
236 1220 309 1279 satiet
320 1219 432 1267 diabolas.
444 1221 491 1265 Alii
505 1221 583 1264 mitius
594 1222 715 1277 loquuntur
726 1221 754 1265 de

74 1283 163 1327 choreis
173 1281 268 1337 diurnis,
281 1294 331 1339 quae
342 1282 365 1325 in
374 1282 422 1325 loco
437 1281 526 1338 publico
536 1281 601 1326 fiunt.
615 1284 700 1326 Caveat
711 1294 754 1325 au-

74 1345 122 1388 tem
141 1341 305 1396 Confessarius,
326 1356 354 1386 ne
370 1341 464 1386 nimium
483 1341 607 1397 indulgeat,
627 1342 654 1385 oh
673 1341 754 1397 gravia

6 1436 8 1438 ·
73 1401 143 1458 mala,
161 1415 212 1459 quae
223 1414 284 1460 saepe
298 1411 338 1446 aut
352 1400 497 1457 comitantur,
510 1403 555 1447 aut
565 1404 688 1459 sequuntur
698 1401 754 1446 eho-

73 1476 134 1506 reas.
148 1463 193 1506 Sed
203 1475 244 1505 nec
253 1463 348 1506 nimium
357 1461 521 1517 interrogantis
532 1463 692 1505 conscientiam
702 1476 754 1506 res-

12 1563 13 1566 ,
74 1523 171 1578 tringat,
178 1535 215 1576 ne,
222 1520 242 1565 si
250 1523 325 1566 tamen
335 1521 412 1566 forsan
419 1521 509 1566 aditura
519 1520 556 1575 sit,
565 1522 659 1577 gravius
666 1524 752 1578 peccet.

74 1582 172 1638 Expedit
182 1582 333 1640 interrogare,
346 1582 423 1637 quales
438 1581 525 1625 soleant
536 1581 603 1625 isthic
615 1582 686 1626 saltus
701 1582 754 1638 agi-

74 1641 136 1688 tant
153 1642 189 1686 An
205 1642 228 1685 in
245 1640 274 1686 iis
289 1642 444 1686 interveniant
459 1644 536 1698 gestus
552 1641 706 1698 inverecundi,
724 1655 753 1686 an

75 1701 196 1759 exigantur
207 1701 291 1757 oscula,
300 1701 338 1747 vel
347 1701 378 1747 sit
385 1701 481 1759 simplex
490 1702 694 1752 circumcursitatio
704 1702 752 1747 sine

30 1813 31 1816 Ἴ
75 1763 186 1820 ejusmodi
196 1762 299 1806 actibus?
315 1763 385 1815 Item,
403 1775 472 1818 quare
488 1763 546 1806 velit
562 1763 656 1807 choreas
674 1762 753 1806 adiret

74 1824 111 1867 An
122 1835 165 1865 nou
176 1822 228 1879 ipsi,
238 1822 276 1864 vel
286 1822 362 1875 alteri,
372 1821 420 1876 uni,
428 1821 465 1864 vel
473 1822 576 1877 pluribus
586 1822 610 1865 in
618 1822 752 1879 particulari

25 1898 26 1901 ¹
73 1878 199 1927 timendum
210 1880 240 1925 sit
250 1879 394 1925 scandaluml

4 1936 10 1941 ”
75 1954 78 1959 ‘
104 1942 141 1985 Ex
154 1941 190 1984 his
200 1940 291 1996 colliget
301 1940 465 1995 Confessarius,
475 1941 580 1998 quidhie
593 1944 617 1986 et
627 1956 686 1986 nunc
701 1956 753 1986 res-

21 2006 26 2018 ²
73 2001 225 2060 pendendum,
236 2003 260 2044 et
268 2001 321 2057 quid
331 2001 512 2057 dissuadendum,
521 2002 559 2044 vel
567 2004 702 2048 monendum
713 2004 750 2047 sit.

1 2082 3 2084 ·
74 2063 168 2120 Sporer.
180 2061 220 2103 Tr.
233 2059 256 2112 5,
271 2062 294 2103 in
308 2063 447 2118 praeceptum
462 2062 485 2117 5,
504 2074 582 2117 capr,
599 2065 673 2119 putat,
686 2064 753 2118 puel-

7 2165 12 2168 ,
73 2122 120 2169 lam
129 2135 173 2166 non
183 2118 258 2165 teneri
268 2119 380 2165 abstinere
389 2121 417 2166 ab
425 2121 520 2166 honesto
530 2120 597 2177 saltu,
607 2123 651 2168 etsi
661 2123 751 2175 timeat,
766 2150 768 2152 -

73 2197 102 2227 ne
112 2195 171 2238 vage
182 2179 265 2235 aliquis
277 2181 307 2223 sit
319 2185 450 2236 accepturus
463 2182 606 2237 scandalum
619 2183 672 2239 quia
682 2184 754 2226 timor

47 2267 51 2275 ‹
72 2241 112 2288 ille
127 2243 162 2287 est
177 2238 302 2285 communis
314 2240 381 2283 rehus
394 2240 537 2285 innumeris:
554 2242 578 2285 et
595 2241 635 2287 vix
651 2243 695 2297 est,
709 2255 753 2298 quo

47 2340 50 2363 3
71 2301 136 2350 abuti
147 2315 191 2347 non
201 2298 274 2360 possit
285 2298 401 2346 hominum
411 2301 507 2346 malitia.
522 2300 590 2347 Aliud
604 2302 672 2359 toret,
688 2301 708 2348 si
720 2301 752 2346 ti-
