1567 2412
39 135 41 138 ,
54 92 98 134 '34
148 97 384 133 uuo-oourussaams
399 95 514 132 pauculam
527 82 669 131 Iusrrtuorus
708 81 710 84 v

64 204 133 248 quum
145 190 193 247 ejus
204 191 369 246 possessionem
377 192 457 234 fundet
467 188 578 233 confessio
588 188 633 233 rite
644 185 749 245 peraeta3

30 294 32 297 .
65 252 108 295 hac
117 250 177 294 enim
188 249 239 305 lege
246 250 362 294 confessus
372 253 408 293 est
418 250 537 307 paepitens,
547 253 572 294 ut
583 249 749 300 absolveretur,

43 331 45 333 >
67 310 112 354 nisi
128 312 252 362 constaret,
270 324 321 353 enm
338 322 387 353 esse
405 309 570 365 indispositum.
591 309 643 352 Dixi
656 319 661 351 5
671 320 713 366 per
728 315 751 352 se

56 369 178 427 ⁴Z'oprreado
184 385 194 420 ;
205 370 259 425 quia
274 382 347 412 causae
364 370 496 424 quandoque
514 381 562 411 esse
574 370 667 424 possunt
685 367 752 410 diffe-

66 429 133 473 rendi
143 428 308 472 absolutionem
321 429 442 471 seeundum
451 428 545 472 dicenda
553 427 627 483 capite
638 427 748 483 sequenti.

99 488 136 533 26.
146 514 177 522 -
185 490 257 545 Resp.
270 490 300 533 V.
312 489 356 532 Ubi
370 488 505 532 rationabile
516 488 608 532 dubium
620 501 664 530 non
679 488 738 531 estd

67 548 185 605 requisitis
196 550 224 593 ad
238 549 411 604 absolutionem,
425 548 574 593 absolvendus
592 550 627 592 est
640 547 752 604 poenitens

67 622 109 667 per
122 623 147 652 se
162 609 274 664 loquendo
290 610 400 660 absolute,
416 610 457 652 sub
469 609 596 652 conditione
608 607 641 665 (1)
656 621 720 661 vero,
732 608 753 651 si

62 670 160 713 ,dubium
171 668 210 721 sit,
219 670 279 724 quod
290 682 333 712 non
343 668 414 724 possit
423 669 490 723 solvi,
497 667 599 724 adsitque
608 666 646 710 uel
653 666 753 710 necessi-

68 733 105 774 tas
117 729 153 772 vel
164 734 248 783 magna
258 729 388 785 poenitentis
399 729 494 773 utilitas.
511 728 580 772 Ratio
591 728 671 784 primae
680 728 753 783 partis

69 793 114 841 est,
124 788 177 843 quia
186 789 215 832 ad
226 788 249 832 id
256 788 294 843 jus
304 791 358 830 tunc
366 789 435 831 habet
444 787 569 844 poenitens3
580 788 640 830 ratio
652 789 754 831 secandae

69 847 143 907 partis
155 850 199 901 est,
215 847 268 903 quia
283 848 316 891 sic
329 847 454 892 consulitur
468 847 603 891 reverentiae
617 846 754 890 sacramenti

13 918 16 922 “
66 911 94 952 et
104 908 172 953 saluti
182 908 321 963 poenitentis.
332 908 391 951 Hinc
399 906 551 951 conditionate
560 906 710 950 absolvendus
719 909 755 950 est

70 966 153 1026 primo,
170 968 322 1011 si'dubitetur
337 968 364 1011 de
382 982 424 1012 usu
441 967 545 1021 rationis,
563 971 602 1011 aut
622 967 755 1011 sufficientia

65 1027 227 1084 dispositionis
236 1027 273 1070 vel
282 1028 399 1082 materiam
409 1042 450 1070 nec
461 1031 525 1072 certa
535 1028 614 1071 haberi
628 1027 700 1083 possit
712 1026 753 1085 (2),

64 1088 132 1130 adsit
144 1090 221 1130 tamen
234 1088 367 1140 necessitas,
382 1087 421 1130 uel
432 1087 529 1144 prudens
543 1087 602 1130 ratio
614 1087 752 1130 absolvendi.

71 1147 95 1191 2.
110 1146 136 1190 Si
144 1147 291 1191 moribundus
300 1147 388 1191 dederit
395 1147 461 1202 signa
467 1147 535 1191 dubia
542 1147 688 1203 poenitentiae.
696 1147 719 1190 3,
730 1147 754 1190 Si
781 1201 783 1205 Α

67 1207 172 1264 prudens
191 1207 223 1250 sit
239 1207 330 1250 dubium
350 1208 377 1250 de
394 1207 469 1250 dolore
489 1209 529 1250 aut
542 1207 657 1263 proposito
672 1206 764 1250 efficta

73 1265 171 1310 confessi
181 1268 270 1309 tantum
284 1267 383 1310 venialia
398 1266 434 1325 (3)
443 1270 486 1312 aut·
496 1269 585 1311 tanturn
596 1266 702 1323 mortalia
713 1268 757 1310 du-

73 1327 120 1380 bia,
130 1326 164 1369 ita
172 1330 199 1369 ut
207 1331 293 1369 certum
308 1341 352 1369 non
364 1327 395 1370 sit
407 1340 511 1383 peccasse
522 1340 572 1370 eum
585 1327 666 1369 saltem
676 1326 757 1370 venia-

71 1386 135 1429 liter.
149 1386 213 1433 Quod
229 1385 248 1430 si
264 1385 365 1438 adferret
376 1387 487 1442 poenitens
502 1387 549 1430 sola
566 1386 664 1430 venialia
680 1386 756 1441 dubia,

74 1449 98 1490 et
109 1445 156 1489 alia
166 1445 226 1489 ratio
234 1459 278 1489 non
288 1446 400 1500 suaderet,
410 1446 521 1490 absolutio
528 1460 569 1490 nec
579 1448 619 1490 snb
630 1447 758 1490 conditione
775 1501 777 1504 Α

75 1505 194 1548 uideretur
205 1506 286 1558 danda,
295 1520 331 1560 ne,
341 1519 409 1561 quum
417 1520 461 1550 non
470 1506 501 1550 sit
511 1505 642 1559 necessitas,
652 1506 693 1549 fiat
701 1506 758 1550 irre·

74 1564 182 1607 verentia
196 1568 346 1609 sacramento.
358 1565 438 1621 Neque
449 1568 502 1609 tunc
518 1566 630 1623 poenitens
642 1566 711 1610 habet
720 1567 759 1622 jus

74 1625 104 1669 ad
119 1625 292 1679 absolutionem,
309 1626 363 1682 qnia
378 1639 422 1669 non
436 1626 511 1670 adfert
526 1626 646 1671 materiam
662 1630 757 1677 certam,

73 1685 282 1741 consulendumque
293 1687 363 1730 etiam
377 1689 412 1730 est
423 1687 558 1731 reverentiae
575 1686 720 1733 sacramenti.
734 1687 759 1731 Si

42 1801 44 1803 ‚
74 1750 153 1789 tamen
169 1745 292 1801 prudenter
311 1746 440 1798 timeretur,
461 1760 488 1788 ne
507 1747 566 1790 torte
584 1750 645 1791 esset
660 1747 683 1790 in
698 1749 760 1791 statu

74 1804 165 1861 peccati
183 1804 295 1857 mortalis,
317 1806 358 1850 sub
378 1806 504 1850 conditione
521 1807 582 1851 foret
600 1807 759 1862 absolvendus,

75 1867 221 1920 cessaretqne
231 1868 285 1909 tunc
293 1866 418 1922 periculum
426 1867 592 1911 irreverentiae.
601 1868 682 1911 Posset
691 1867 760 1911 etiarn

77 1924 119 1968 sub
126 1924 253 1967 conditione
263 1925 359 1977 absolvi,
370 1926 389 1967 si
396 1925 510 1968 lucrandae
517 1928 593 1969 essent
603 1925 760 1981 indulgentiae,
777 1951 779 1957 ‹

77 1982 107 2026 ad
118 1994 174 2037 quas
184 1983 388 2038 praei-equireretur
398 1984 522 2039 confessi03
535 1988 603 2039 atquc
613 1984 637 2028 in
649 1986 684 2028 his
700 1984 761 2029 casi-

77 2037 120 2086 bus
130 2054 175 2085 ncn
186 2044 362 2098 suspenderetur
373 2043 465 2089 effectus
476 2044 612 2089 sacramenti
626 2045 710 2101 validi3
722 2045 762 2092 sad

101 2153 154 2202 (disi
164 2154 218 2200 arpa.
233 2154 253 2199 6³,
263 2156 331 2193 27-30.
341 2157 393 2193 Suar.
408 2159 427 2194 d.
444 2157 473 2194 13.
489 2168 504 2193 s.
518 2157 537 2196 3.
553 2158 612 2195 conci.
628 2157 647 2195 3.
663 2149 762 2205 Castropat

78 2207 106 2239 ta
114 2202 144 2245 aa.
155 2201 174 2237 d.
185 2211 217 2236 un.
228 2212 247 2246 p.
255 2201 272 2237 5.
281 2212 300 2238 n.
308 2203 326 2239 Ἰ.
779 2215 780 2221 ’

82 2276 84 2278 .
102 2247 128 2291 (2)
136 2248 155 2282 S.
166 2248 220 2293 pipp,
229 2247 248 2291 6,
259 2248 300 2293 432,
310 2251 338 2294 IV,
348 2249 389 2285 sub.
400 2248 431 2285 fin.

28 2342 30 2345 .
104 2294 127 2342 p)
137 2294 162 2334 ur.
172 2295 193 2332 s.
201 2294 254 2341 upa.
265 2294 283 2340 e,
294 2296 335 2340 isa,
345 2296 374 2332 iv.
