1577 2464
244 90 249 95 ··
262 63 323 114 raas
335 84 362 123 11,
380 56 453 113 aanor
468 80 486 121 n
536 97 537 101 =
670 68 714 113 117.

34 168 187 221 naturalibus3
206 169 292 224 utpote,
308 178 404 223 quarum
416 166 523 222 obligatio
535 178 574 221 per
585 166 659 210 lumen
672 179 713 209 na-
767 220 770 223 Ι

33 230 93 276 turae
102 230 134 273 sic
143 228 249 283 exigente
259 229 323 272 recta
333 226 399 283 Reip.
413 226 531 270 rationalis
540 226 711 282 guliematiooe,

31 291 165 342 intimatur3
178 301 221 331 non
233 291 309 332 tamen
318 287 407 344 legibus
418 287 522 331 humanis
534 299 596 328 mere
608 287 712 340 positivis
774 313 775 316 =

1 359 2 364 ’
32 352 85 395 ante
96 348 233 404 completum
251 358 336 390 annum
351 346 471 402 septimum
487 346 558 402 :quia
569 345 712 401 legislatores
736 384 739 388 .

32 408 125 452 humani
141 420 184 450 non
197 410 316 450 censentur
332 406 392 449 velle
408 406 518 463 obligare,
536 405 580 447 nisi
592 406 713 447 secundum
767 416 772 419 ’

33 483 68 524 ea,
83 481 133 526 quae
144 466 293 511 communiter
304 466 454 524 contingunt;
471 465 621 510 communiter
638 469 717 509 autem

32 532 86 573 ante
103 540 186 572 annum
198 528 319 581 septimum
333 541 387 570 usus
401 527 496 570 rationis
508 527 535 569 ad
554 526 714 580 obligationem

33 599 128 644 gravem
140 586 254 630 sufficiens
265 600 307 629 non
319 588 390 629 adest.
408 586 453 630 Ubi
465 589 541 629 auten]
552 585 619 634 hunc,
634 598 714 628 usum-

34 659 76 704 que
98 645 207 702 rationis,
231 648 254 689 et
274 646 433 690 discretionem
455 645 501 703 legi
520 644 714 703 proportionatam
772 643 774 645 ’

34 706 110 764 adepti
123 709 183 760 sunt,
196 706 232 759 iis,
250 707 293 750 nisi
311 707 440 762 specialiter
451 706 601 761 excipiantur,
617 708 642 748 ut
652 705 679 748 fit
690 705 719 763 in

33 767 83 823 lege
92 766 182 822 jejunii,
195 765 332 823 obligantur.
345 765 414 810 Ratio
425 769 468 820 est,
481 766 542 822 quia,
555 765 593 807 ubi
609 763 647 808 lex
656 768 715 808 tem-.
776 784 778 786 ·

34 840 75 882 pus
86 840 130 869 non
141 827 286 881 determinat,
303 827 381 870 statim
398 826 477 882 incipit
492 825 601 881 obligatio
616 823 639 867 in
657 825 713 868 sub-

31 888 92 944 J'ecto
108 886 158 942 ejus
172 899 261 943 capace,
275 900 301 930 ne
317 887 411 930 elusioni
429 887 458 931 sit
469 886 539 930 locus.
552 885 617 928 Unde
636 884 659 928 in
671 884 713 928 tali

33 960 87 992 casu
99 950 206 990 tenentur
219 948 333 991 abstinere
344 961 358 990 a
368 947 472 991 carnibus
484 947 561 995 diebus
577 946 664 999 vetitis,
677 946 715 988 in-

2 1055 3 1058 ,
33 1010 120 1050 teresse
132 1005 202 1048 Sacro
211 1006 289 1049 diebus
297 1006 370 1049 iestis.
382 1006 435 1050 Dixi
448 1019 453 1049 2
466 1009 487 1051 ct
496 1005 652 1049 discretionem
660 1016 714 1061 pcc-

30 1065 189 1124 poetc'ottcicnt
200 1083 209 1109 .·
220 1068 301 1122 putant
312 1066 371 1109 enim
384 1065 453 1122 aliqui
465 1066 523 1122 apud
533 1065 626 1121 lllsung.
637 1064 677 1107 Tr,
692 1064 713 1119 1,

34 1127 92 1181 disp.
112 1125 135 1177 2,
149 1138 215 1170 num.
229 1126 265 1180 18,
283 1129 423 1182 praeceptum
440 1126 468 1169 de
480 1138 554 1168 annua
571 1124 715 1169 confessione

35 1189 58 1229 et
69 1185 225 1229 communione
241 1186 343 1241 obligans
359 1198 445 1239 omnes,
456 1185 493 1229 ubi
509 1186 536 1229 ad
548 1197 617 1227 annos
628 1183 716 1227 discre-

35 1245 104 1295 tionis
113 1245 227 1299 venerint,
242 1245 414 1301 intelligendum
426 1258 475 1289 esse
486 1245 513 1289 de
525 1243 616 1301 speciali
628 1244 713 1288 discre-

34 1304 97 1348 tione
104 1304 275 1361 proportionata
283 1303 370 1364 (llillis
378 1305 539 1349 Sacramentis.
549 1304 607 1348 Hinc
615 1306 714 1356 censent,

35 1377 117 1421 pueros
129 1378 171 1409 non
182 1365 278 1421 obligari
290 1366 318 1411 ad
329 1378 426 1410 annuam
438 1365 600 1410 confessionem
610 1367 662 1409 ante
673 1377 717 1408 an-

36 1436 90 1466 num
98 1426 173 1467 aetatis
182 1438 273 1478 nonum,
283 1426 320 1467 vel
327 1425 438 1468 decimum
447 1438 452 1478 ;
462 1426 521 1469 etad
532 1425 717 1468 Communionem

35 1482 133 1526 nonnisi
148 1486 199 1540 post
215 1495 298 1527 annum
311 1483 465 1540 undecimum3
478 1496 504 1526 eo
517 1484 573 1540 quod
587 1486 640 1526 ante
651 1483 714 1526 illam

35 1545 136 1596 aetatem,
149 1543 230 1587 saltem
241 1545 264 1588 in
278 1544 409 1597 Germania,
430 1544 525 1599 aliisque
541 1543 596 1587 locis
612 1542 719 1600 trigidio·
769 1586 771 1588 ,

36 1602 99 1646 ribus
110 1602 303 1658 proportionatam
317 1602 475 1648 discretionem
491 1617 533 1647 non
549 1603 655 1647 habeant.
669 1602 719 1661 Ve-

36 1675 96 1717 rum,
108 1662 127 1706 si
144 1661 268 1718 peniculum
279 1677 323 1708 non
334 1663 367 1710 sit
381 1664 548 1716 irreverentiae,
561 1663 661 1719 satisque
674 1662 721 1708 siut

19 1777 20 1781 Ἰ
37 1721 142 1766 instructi
152 1725 175 1765 et
189 1723 301 1779 dispositi,
313 1725 372 1782 quod
388 1737 469 1767 curare
483 1728 506 1767 et
518 1724 621 1779 judicare
636 1723 720 1767 debent
783 1778 785 1780 v

36 1782 142 1836 Parochi,
156 1795 195 1837 per
211 1796 237 1826 se
247 1783 367 1838 loquendo,
386 1786 492 1830 tenentur
503 1784 591 1840 legibus
608 1783 663 1839 illis,
681 1782 719 1828 ubi

38 1845 181 1896 posternam
191 1842 311 1895 septimum
321 1843 397 1898 adepti
407 1847 460 1886 sunt
468 1855 533 1886 usum
545 1841 656 1895 rationis3
667 1842 720 1898 quia

37 1914 81 1944 non
92 1902 128 1945 est
137 1900 307 1945 fundamentum
325 1902 421 1946 solidum
431 1916 470 1947 eos
479 1902 600 1945 eximendi.
616 1901 674 1950 Quia
685 1904 719 1946 ta·

28 2011 29 2014 ¹
38 1974 89 2004 men
95 1973 154 2017 saepe
160 1961 289 2004 estdubium
295 1962 447 2006 desufficienti
453 1963 608 2019 dispositione,
615 1963 721 2006 utdebita

38 2035 89 2064 cum
96 2021 415 2080 reverentiailommunionem
425 2023 532 2068 accedant
540 2037 545 2077 ;
553 2022 606 2066 hinc
611 2022 689 2078 praxis
697 2022 719 2065 in

37 2081 73 2124 his
85 2083 187 2137 partibus
198 2082 273 2135 habet,
293 2085 318 2124 ut
334 2085 387 2126 ante
398 2096 482 2128 annum
492 2096 585 2137 nonum,
598 2083 719 2134 decimum,

62 2225 86 2273 (l)
94 2239 105 2262 «
115 2228 172 2263 citius
180 2226 251 2276 (lemen)
260 2232 334 2273 possunt
342 2226 417 2275 obligari
427 2230 486 2275 pueri,
497 2229 579 2276 quiante
590 2227 642 2263 talem
652 2202 720 2264 auaui

38 2276 176 2320 perspicatiores
184 2276 325 2321 conspiciuntur,
334 2284 346 2309 »
353 2275 372 2312 S.
381 2276 435 2322 Alpb.
444 2276 462 2322 e,
468 2270 514 2312 'aun
522 2293 547 2302 -
552 2275 581 2323 Cf.
589 2275 608 2319 l,
618 2271 657 2309 tta.

656 2351 674 2388 Ἰ.
