1577 2464
217 25 219 27 ·
260 19 320 53 nnus
332 15 361 62 011,
378 11 452 70 cucur
466 4 491 52 1r'
553 24 555 26 ’
598 51 600 53 ,
671 6 716 52 153
731 3 747 63 J

33 107 62 166 ad
78 119 183 160 uxorem,
195 104 242 163 qui,
259 105 280 151 si
290 105 365 151 soluto
383 118 424 165 per
434 107 533 151 mortem
543 106 621 151 mariti
632 107 717 152 matri-

17 167 119 222 monio,
131 167 229 211 obtineri
241 167 284 210 non
294 170 380 224 posset,
392 167 432 211 dos
443 166 530 211 rediret
540 166 569 211 ad
579 179 682 220 uxorem,
690 180 717 211 ac
749 193 751 198 ,
781 214 786 221 ,

36 227 58 273 si
75 239 189 283 nunquam
208 226 290 271 luisset
307 226 408 281 vendita,
432 226 531 271 exclusis
549 226 717 283 quibuscunque

33 286 192 334 creditoribus.
212 287 334 344 Similiter,
352 287 371 332 si
388 287 436 342 dos,
448 288 559 333 consistat
570 287 593 331 in
608 286 716 344 pondere,

28 361 129 396 »numero
139 352 163 392 et
173 360 288 398 mensura,
306 347 349 394 etsi
365 348 480 393 aestimata
491 361 541 405 sncn
556 346 587 391 sit
603 347 626 391 in
638 347 718 390 vendi·
741 388 743 391 ,

34 407 129 462 tionem,
141 409 191 464 ejus
202 407 325 451 dominium
336 408 437 466 pertinet
451 408 479 451 ad
491 406 600 463 maritum
615 418 666 450 cum
678 418 718 449 suo

34 467 145 523 periculo,
159 471 278 523 potestque
289 468 326 511 hic
341 468 404 511 illam
421 469 448 511 ad
460 467 581 510 arbitrium
593 478 657 510 suum
669 465 718 510 dis-

35 528 137 581 trahere,
149 528 197 571 sine
208 530 283 571 tamen
296 526 428 583 praejudicio
439 527 517 572 uxoris
531 539 536 570 :
550 526 623 570 soluto
639 527 724 570 autem*

35 587 182 631 matrimonio
196 588 337 630 tantumdem
354 587 454 644 ejusdem
466 586 575 630 bonitatis
594 589 617 629 et
634 584 718 643 speciei

35 646 97 691 redit
106 648 135 691 ad
146 659 240 691 uxorem
251 646 289 692 vel
300 646 349 703 ejus
360 647 461 692 haeredes
471 644 514 707 (1),
525 648 635 704 quantum
645 645 719 689 tradi-

36 710 85 752 tum
96 705 149 761 fuit,
161 707 204 752 nisi
215 709 267 752 ante
278 710 413 752 conventum
422 708 511 761 fuisset,
521 710 547 752 ut
558 707 607 764 ejus
618 707 717 763 pretium

36 770 196 811 numeraretur
209 779 214 810 ε
227 768 269 811 hoc
279 770 355 811 autem
366 770 488 811 taxandum
498 769 559 811 esset
567 766 716 810 conformiter

36 827 135 882 tempori
151 826 302 870 restitutionis
317 827 435 880 faciendae,
453 826 490 869 vel
508 826 612 870 dissoluti
632 825 717 869 matri-

37 885 116 940 monii,
129 885 172 929 nisi
183 886 251 930 aliter
265 888 400 930 conventum
410 886 500 930 suisset.
513 887 585 929 Porro
601 887 641 929 dos
653 885 718 928 aesti-

2 990 3 993 ,
37 948 114 988 matur
128 945 151 988 in
163 946 325 1000 venditionem,
337 946 357 989 si
371 946 436 989 valor
451 946 501 1001 ejus
514 949 615 998 taxetur,
628 949 651 988 et
667 954 717 988 ma-

37 1006 97 1050 ritus
108 1018 132 1050 se
141 1005 226 1063 obliget
239 1006 266 1049 ad
278 1006 414 1061 servandum
425 1005 491 1050 uxori
500 1005 549 1062 ejus
558 1005 666 1062 pretium,
678 1007 718 1048 aut

28 1078 96 1123 ase,
108 1065 147 1109 vel
162 1078 176 1109 a
193 1066 240 1111 suis
257 1065 394 1121 haeredibus,
411 1065 430 1110 si
448 1068 501 1110 ante
517 1078 611 1108 uxorem
629 1078 641 1106 e
657 1063 718 1108 uiuis

39 1125 144 1180 excedat,
155 1125 189 1169 illi
201 1125 333 1170 solvendum
353 1138 358 1170 :
376 1125 410 1170 ita
426 1125 486 1171 enim
504 1129 609 1170 censetur
622 1125 719 1170 maritus

39 1187 116 1230 dotem
127 1199 212 1239 emere,
224 1189 247 1230 et
257 1199 314 1243 uxor
324 1188 431 1230 vendere.

71 1244 124 1290 123.
136 1270 166 1278 -
180 1245 205 1288 2⁰
220 1245 398 1300 Contradotalia,
410 1259 461 1303 quae
476 1245 545 1290 etiam
556 1245 647 1303 donatio
663 1257 719 1303 prc-

39 1306 91 1361 pler
107 1305 198 1362 nuptias
214 1305 327 1360 dicuntur,
346 1310 399 1350 sunt
416 1319 466 1362 quae
483 1306 588 1360 maritus,
605 1305 643 1349 rel
653 1305 720 1349 talter

40 1364 90 1421 ejus
101 1365 199 1419 nomine,
208 1365 310 1420 assignat
321 1366 386 1409 uxori
395 1366 606 1409 ad-assecurandnm
618 1365 666 1421 ejus
677 1365 720 1408 dc-

39 1426 95 1477 tem,
108 1424 233 1481 debentque
244 1438 293 1469 esse
304 1425 400 1481 aequalia
409 1426 470 1480 doti;
482 1438 609 1481 quanquam
621 1425 719 1468 artifices
779 1460 787 1466 .

40 1484 102 1529 atiud
112 1484 152 1528 rix
163 1486 287 1541 assignent,
301 1498 367 1542 quam
378 1498 441 1529 suam
453 1489 534 1539 artem,
547 1489 570 1529 et
580 1485 619 1529 alii
629 1484 719 1541 quidam

40 1543 112 1589 solam
123 1557 186 1589 suam
196 1545 322 1590 scientiam.
334 1545 422 1590 Horum
430 1546 560 1600 dominium,
572 1559 633 1599 usus,
647 1545 718 1590 admi-

40 1604 146 1649 nistratio
164 1608 188 1647 et
201 1605 289 1649 fructus
304 1610 339 1650 est
356 1620 424 1662 penes
434 1606 551 1659 inanitum,
563 1607 628 1648 salva
643 1609 720 1649 tamen

40 1675 118 1714 eorum
128 1663 263 1718 substantia,
276 1666 301 1709 ut
310 1666 350 1709 dos
361 1666 438 1710 uxoris
448 1671 539 1710 maneat
549 1668 690 1711 assecurata.

72 1725 124 1769 124.
138 1749 167 1757 -
177 1725 202 1768 3⁰
210 1725 274 1768 Bona
282 1726 453 1781 praetendotalia
463 1728 525 1781 sunt,
537 1738 586 1781 quae
598 1738 654 1769 uxor
663 1738 722 1781 prae-

41 1786 78 1828 ter
86 1785 160 1828 dotem
167 1783 241 1837 affert,
251 1784 288 1833 vel
295 1785 329 1827 illi
335 1785 458 1829 obveniunt
468 1799 490 1829 v.
498 1798 534 1842 gr.
543 1784 722 1829 haereditatevel

41 1843 169 1890 donatione.
180 1842 236 1887 Haec
247 1842 313 1899 pleno
324 1844 377 1900 J'ure
393 1846 509 1903 pertinent
525 1845 555 1889 ad
572 1856 666 1889 uxorem
677 1842 721 1902 (2),

42 1902 86 1949 nisi
97 1903 273 1962 itatradantur,
285 1905 311 1948 ut
324 1905 398 1948 instar
415 1905 474 1950 dotis
490 1904 569 1950 mariti
585 1905 642 1949 fiant
655 1904 723 1948 :boc

43 1965 104 2008 enim
122 1977 176 2008 casu
196 1964 321 2020 sequuntur
344 1967 451 2009 naturam
468 1965 539 2022 dctis,
558 1969 721 2023 praeterquam,

42 2024 102 2083 quod
116 2025 214 2069 maritus
232 2036 276 2068 non
293 2022 394 2068 lucretur
409 2028 488 2069 eornm
505 2025 603 2080 fructus,
617 2024 723 2080 quamvis

67 2170 92 2218 (l)
101 2174 123 2209 tl.
131 2173 153 2208 de
162 2161 222 2208 donet.
233 2171 309 2217 intprir.
319 2176 336 2204 cl
344 2180 374 2210 ux.
386 2173 434 2207 etde
445 2172 487 2208 dote
495 2179 541 2218 post.
551 2173 588 2208 dir·
598 2154 683 2214 resritfl,
692 2169 722 2206 20.
783 2215 785 2217 q

66 2219 90 2266 12)
100 2220 119 2256 t.
127 2219 146 2256 8.
154 2219 198 2256 Ccd.
208 2219 230 2255 dc
239 2224 286 2265 pact.
298 2225 350 2253 cour.
359 2214 378 2261 b,
389 2216 418 2252 lt.
627 2216 631 2223 ‘

658 2293 678 2334 9.
