<?xml version="1.0" encoding="UTF-8"?>
<!DOCTYPE html PUBLIC "-//W3C//DTD XHTML 1.0 Transitional//EN"
    "http://www.w3.org/TR/xhtml1/DTD/xhtml1-transitional.dtd">
<html xmlns="http://www.w3.org/1999/xhtml" xml:lang="en" lang="en">
 <head>
  <title>
</title>
<meta http-equiv="Content-Type" content="text/html;charset=utf-8" />
  <meta name='ocr-system' content='tesseract 3.04.00' />
  <meta name='ocr-capabilities' content='ocr_page ocr_carea ocr_par ocr_line ocrx_word'/>
</head>
<body>
  <div class='ocr_page' id='page_1' title='image "MN5128ucmf_0_0170.png"; bbox 0 0 1577 2464; ppageno 0'>
   <div class='ocr_carea' id='block_1_1' title="bbox 42 61 672 128">
    <p class='ocr_par' dir='ltr' id='par_1_1' title="bbox 42 61 672 128">
     <span class='ocr_line' id='line_1_1' title="bbox 42 61 672 128; baseline 0.008 -24"><span class='ocrx_word' id='word_1_1' title='bbox 42 61 87 105; x_wconf 78' lang='lat' dir='ltr'>loo</span> <span class='ocrx_word' id='word_1_2' title='bbox 121 76 353 110; x_wconf 76' lang='lat' dir='ltr'>nso-conrrsssnrus</span> <span class='ocrx_word' id='word_1_3' title='bbox 369 77 481 128; x_wconf 72' lang='lat' dir='ltr'>rnnorrce</span> <span class='ocrx_word' id='word_1_4' title='bbox 501 75 643 126; x_wconf 71' lang='lat' dir='ltr'>inseruimus</span> <span class='ocrx_word' id='word_1_5' title='bbox 669 71 672 101; x_wconf 85' lang='grc' dir='ltr'>ἰ</span> 
     </span>
    </p>
   </div>
   <div class='ocr_carea' id='block_1_2' title="bbox 41 163 724 1000">
    <p class='ocr_par' dir='ltr' id='par_1_2' title="bbox 41 163 724 1000">
     <span class='ocr_line' id='line_1_2' title="bbox 41 163 723 223; baseline 0.004 -16"><span class='ocrx_word' id='word_1_6' title='bbox 41 178 84 222; x_wconf 88' lang='lat' dir='ltr'>que</span> <span class='ocrx_word' id='word_1_7' title='bbox 95 164 126 209; x_wconf 87' lang='lat' dir='ltr'>sit</span> <span class='ocrx_word' id='word_1_8' title='bbox 136 167 260 213; x_wconf 82' lang='lat' dir='ltr'>voluntatis</span> <span class='ocrx_word' id='word_1_9' title='bbox 273 182 278 212; x_wconf 77' lang='lat' dir='ltr'>t</span> <span class='ocrx_word' id='word_1_10' title='bbox 293 168 313 213; x_wconf 93' lang='lat' dir='ltr'>si</span> <span class='ocrx_word' id='word_1_11' title='bbox 324 171 399 212; x_wconf 83' lang='lat' dir='ltr'>autem</span> <span class='ocrx_word' id='word_1_12' title='bbox 411 171 438 212; x_wconf 87' lang='lat' dir='ltr'>ad</span> <span class='ocrx_word' id='word_1_13' title='bbox 453 168 588 223; x_wconf 82' lang='lat' dir='ltr'>temporatia</span> <span class='ocrx_word' id='word_1_14' title='bbox 603 167 633 210; x_wconf 88' lang='lat' dir='ltr'>sit</span> <span class='ocrx_word' id='word_1_15' title='bbox 651 163 723 210; x_wconf 79' lang='lat' dir='ltr'>solers</span> 
     </span>
     <span class='ocr_line' id='line_1_3' title="bbox 41 225 724 284; baseline 0.001 -16"><span class='ocrx_word' id='word_1_16' title='bbox 41 229 65 269; x_wconf 90' lang='lat' dir='ltr'>et</span> <span class='ocrx_word' id='word_1_17' title='bbox 82 225 215 283; x_wconf 87' lang='lat' dir='ltr'>industrius,</span> <span class='ocrx_word' id='word_1_18' title='bbox 235 229 331 284; x_wconf 86' lang='lat' dir='ltr'>suspicio</span> <span class='ocrx_word' id='word_1_19' title='bbox 346 232 388 281; x_wconf 88' lang='lat' dir='ltr'>est,</span> <span class='ocrx_word' id='word_1_20' title='bbox 402 227 461 283; x_wconf 89' lang='lat' dir='ltr'>quod</span> <span class='ocrx_word' id='word_1_21' title='bbox 475 227 586 271; x_wconf 84' lang='lat' dir='ltr'>hebetudo</span> <span class='ocrx_word' id='word_1_22' title='bbox 603 225 724 282; x_wconf 83' lang='lat' dir='ltr'>proveniat</span> 
     </span>
     <span class='ocr_line' id='line_1_4' title="bbox 43 285 723 341; baseline -0.001 -14"><span class='ocrx_word' id='word_1_23' title='bbox 43 297 57 327; x_wconf 85' lang='lat' dir='ltr'>a</span> <span class='ocrx_word' id='word_1_24' title='bbox 66 287 173 341; x_wconf 86' lang='lat' dir='ltr'>peccatis.</span> <span class='ocrx_word' id='word_1_25' title='bbox 180 289 245 330; x_wconf 82' lang='lat' dir='ltr'>Unde</span> <span class='ocrx_word' id='word_1_26' title='bbox 254 289 350 331; x_wconf 87' lang='lat' dir='ltr'>discrete</span> <span class='ocrx_word' id='word_1_27' title='bbox 359 287 404 330; x_wconf 79' lang='lat' dir='ltr'>erit</span> <span class='ocrx_word' id='word_1_28' title='bbox 413 287 575 329; x_wconf 85' lang='lat' dir='ltr'>examinandus</span> <span class='ocrx_word' id='word_1_29' title='bbox 587 287 613 328; x_wconf 86' lang='lat' dir='ltr'>de</span> <span class='ocrx_word' id='word_1_30' title='bbox 625 285 723 329; x_wconf 85' lang='lat' dir='ltr'>materia</span> 
     </span>
     <span class='ocr_line' id='line_1_5' title="bbox 41 344 722 401; baseline 0 -14"><span class='ocrx_word' id='word_1_31' title='bbox 41 344 146 390; x_wconf 72' lang='lat' dir='ltr'>luxuriae.</span> <span class='ocrx_word' id='word_1_32' title='bbox 155 347 191 391; x_wconf 88' lang='lat' dir='ltr'>Ita</span> <span class='ocrx_word' id='word_1_33' title='bbox 201 348 228 391; x_wconf 90' lang='lat' dir='ltr'>P.</span> <span class='ocrx_word' id='word_1_34' title='bbox 237 347 352 398; x_wconf 81' lang='lat' dir='ltr'>LaOroix,</span> <span class='ocrx_word' id='word_1_35' title='bbox 360 347 375 388; x_wconf 90' lang='lat' dir='ltr'>l.</span> <span class='ocrx_word' id='word_1_36' title='bbox 386 346 427 399; x_wconf 89' lang='lat' dir='ltr'>VI,</span> <span class='ocrx_word' id='word_1_37' title='bbox 440 361 462 401; x_wconf 89' lang='lat' dir='ltr'>p.</span> <span class='ocrx_word' id='word_1_38' title='bbox 469 346 492 398; x_wconf 86' lang='lat'>3,</span> <span class='ocrx_word' id='word_1_39' title='bbox 502 360 539 389; x_wconf 88' lang='lat' dir='ltr'>nu.</span> <span class='ocrx_word' id='word_1_40' title='bbox 549 344 616 390; x_wconf 77' lang='lat'>1809.</span> <span class='ocrx_word' id='word_1_41' title='bbox 628 345 722 397; x_wconf 80' lang='lat' dir='ltr'>Deinde,</span> 
     </span>
     <span class='ocr_line' id='line_1_6' title="bbox 41 404 724 462; baseline -0.001 -15"><span class='ocrx_word' id='word_1_42' title='bbox 41 405 62 447; x_wconf 89' lang='lat' dir='ltr'>si</span> <span class='ocrx_word' id='word_1_43' title='bbox 70 405 103 448; x_wconf 87' lang='lat' dir='ltr'>ita</span> <span class='ocrx_word' id='word_1_44' title='bbox 114 406 182 449; x_wconf 84' lang='lat' dir='ltr'>hebes</span> <span class='ocrx_word' id='word_1_45' title='bbox 193 407 260 461; x_wconf 80' lang='lat' dir='ltr'>foret,</span> <span class='ocrx_word' id='word_1_46' title='bbox 272 411 298 449; x_wconf 88' lang='lat' dir='ltr'>ut</span> <span class='ocrx_word' id='word_1_47' title='bbox 310 407 395 449; x_wconf 84' lang='lat' dir='ltr'>nullam</span> <span class='ocrx_word' id='word_1_48' title='bbox 406 406 557 462; x_wconf 82' lang='lat' dir='ltr'>cognitionem</span> <span class='ocrx_word' id='word_1_49' title='bbox 569 406 596 448; x_wconf 90' lang='lat' dir='ltr'>de</span> <span class='ocrx_word' id='word_1_50' title='bbox 606 404 724 460; x_wconf 76' lang='lat' dir='ltr'>mysteriis</span> 
     </span>
     <span class='ocr_line' id='line_1_7' title="bbox 41 464 723 522; baseline 0 -14"><span class='ocrx_word' id='word_1_51' title='bbox 41 464 93 508; x_wconf 86' lang='lat' dir='ltr'>fidei</span> <span class='ocrx_word' id='word_1_52' title='bbox 110 465 209 510; x_wconf 83' lang='lat' dir='ltr'>formare</span> <span class='ocrx_word' id='word_1_53' title='bbox 229 470 313 522; x_wconf 90' lang='lat' dir='ltr'>posset,</span> <span class='ocrx_word' id='word_1_54' title='bbox 329 467 400 519; x_wconf 86' lang='lat' dir='ltr'>fatuo,</span> <span class='ocrx_word' id='word_1_55' title='bbox 413 466 450 509; x_wconf 89' lang='lat' dir='ltr'>vet</span> <span class='ocrx_word' id='word_1_56' title='bbox 464 465 545 509; x_wconf 84' lang='lat' dir='ltr'>infanti</span> <span class='ocrx_word' id='word_1_57' title='bbox 560 465 723 520; x_wconf 83' lang='lat' dir='ltr'>comparandus</span> 
     </span>
     <span class='ocr_line' id='line_1_8' title="bbox 43 525 723 581; baseline -0.001 -14"><span class='ocrx_word' id='word_1_58' title='bbox 43 525 141 568; x_wconf 85' lang='lat' dir='ltr'>videtur.</span> <span class='ocrx_word' id='word_1_59' title='bbox 154 526 189 570; x_wconf 83' lang='lat' dir='ltr'>lta</span> <span class='ocrx_word' id='word_1_60' title='bbox 200 528 316 569; x_wconf 86' lang='lat' dir='ltr'>Taunerus</span> <span class='ocrx_word' id='word_1_61' title='bbox 328 531 350 569; x_wconf 92' lang='lat' dir='ltr'>et</span> <span class='ocrx_word' id='word_1_62' title='bbox 361 527 443 570; x_wconf 79' lang='lat' dir='ltr'>Gobat.</span> <span class='ocrx_word' id='word_1_63' title='bbox 456 527 565 581; x_wconf 85' lang='lat' dir='ltr'>Denique,</span> <span class='ocrx_word' id='word_1_64' title='bbox 579 526 597 569; x_wconf 94' lang='lat' dir='ltr'>si</span> <span class='ocrx_word' id='word_1_65' title='bbox 612 525 723 568; x_wconf 87' lang='lat' dir='ltr'>hebetudo</span> 
     </span>
     <span class='ocr_line' id='line_1_9' title="bbox 42 584 724 641; baseline -0.001 -15"><span class='ocrx_word' id='word_1_66' title='bbox 42 584 103 627; x_wconf 86' lang='lat' dir='ltr'>foret</span> <span class='ocrx_word' id='word_1_67' title='bbox 114 599 141 627; x_wconf 78' lang='lat' dir='ltr'>en</span> <span class='ocrx_word' id='word_1_68' title='bbox 153 590 275 638; x_wconf 75' lang='lat' dir='ltr'>senectute,</span> <span class='ocrx_word' id='word_1_69' title='bbox 286 599 399 641; x_wconf 79' lang='lat' dir='ltr'>senexque</span> <span class='ocrx_word' id='word_1_70' title='bbox 411 589 478 629; x_wconf 90' lang='lat' dir='ltr'>antea</span> <span class='ocrx_word' id='word_1_71' title='bbox 488 587 581 629; x_wconf 85' lang='lat' dir='ltr'>sciverit</span> <span class='ocrx_word' id='word_1_72' title='bbox 596 585 724 627; x_wconf 86' lang='lat' dir='ltr'>necessaria</span> 
     </span>
     <span class='ocr_line' id='line_1_10' title="bbox 42 643 721 702; baseline -0.004 -15"><span class='ocrx_word' id='word_1_73' title='bbox 42 644 176 688; x_wconf 79' lang='lat' dir='ltr'>necessitate</span> <span class='ocrx_word' id='word_1_74' title='bbox 187 646 264 701; x_wconf 78' lang='lat' dir='ltr'>medii⁷</span> <span class='ocrx_word' id='word_1_75' title='bbox 273 646 359 689; x_wconf 86' lang='lat' dir='ltr'>absolvi</span> <span class='ocrx_word' id='word_1_76' title='bbox 371 648 455 702; x_wconf 85' lang='lat' dir='ltr'>poterit</span> <span class='ocrx_word' id='word_1_77' title='bbox 466 648 489 688; x_wconf 90' lang='lat' dir='ltr'>et</span> <span class='ocrx_word' id='word_1_78' title='bbox 499 644 667 699; x_wconf 75' lang='lat' dir='ltr'>communicari,</span> <span class='ocrx_word' id='word_1_79' title='bbox 679 643 721 685; x_wconf 85' lang='lat' dir='ltr'>etsi</span> 
     </span>
     <span class='ocr_line' id='line_1_11' title="bbox 42 704 724 761; baseline -0.003 -15"><span class='ocrx_word' id='word_1_80' title='bbox 42 704 130 747; x_wconf 87' lang='lat' dir='ltr'>nonita</span> <span class='ocrx_word' id='word_1_81' title='bbox 145 704 204 748; x_wconf 87' lang='lat' dir='ltr'>clarc</span> <span class='ocrx_word' id='word_1_82' title='bbox 213 706 260 761; x_wconf 79' lang='lat' dir='ltr'>jam</span> <span class='ocrx_word' id='word_1_83' title='bbox 273 706 378 750; x_wconf 85' lang='lat' dir='ltr'>videatur</span> <span class='ocrx_word' id='word_1_84' title='bbox 392 706 437 750; x_wconf 88' lang='lat' dir='ltr'>ista</span> <span class='ocrx_word' id='word_1_85' title='bbox 452 707 553 749; x_wconf 89' lang='lat' dir='ltr'>credere.</span> <span class='ocrx_word' id='word_1_86' title='bbox 565 705 590 748; x_wconf 78' lang='lat' dir='ltr'>Si</span> <span class='ocrx_word' id='word_1_87' title='bbox 605 717 659 747; x_wconf 87' lang='lat' dir='ltr'>vero</span> <span class='ocrx_word' id='word_1_88' title='bbox 678 704 724 745; x_wconf 87' lang='lat' dir='ltr'>ista</span> 
     </span>
     <span class='ocr_line' id='line_1_12' title="bbox 42 764 723 819; baseline -0.001 -13"><span class='ocrx_word' id='word_1_89' title='bbox 42 764 173 817; x_wconf 74' lang='lat' dir='ltr'>nesciverit,</span> <span class='ocrx_word' id='word_1_90' title='bbox 184 766 331 808; x_wconf 87' lang='lat' dir='ltr'>laborandum</span> <span class='ocrx_word' id='word_1_91' title='bbox 346 770 389 819; x_wconf 89' lang='lat' dir='ltr'>est,</span> <span class='ocrx_word' id='word_1_92' title='bbox 402 773 427 809; x_wconf 88' lang='lat' dir='ltr'>ut</span> <span class='ocrx_word' id='word_1_93' title='bbox 440 766 484 809; x_wconf 89' lang='lat' dir='ltr'>cito</span> <span class='ocrx_word' id='word_1_94' title='bbox 499 766 608 817; x_wconf 80' lang='lat' dir='ltr'>addiscat,</span> <span class='ocrx_word' id='word_1_95' title='bbox 622 778 649 807; x_wconf 88' lang='lat' dir='ltr'>ne</span> <span class='ocrx_word' id='word_1_96' title='bbox 659 777 723 806; x_wconf 91' lang='lat' dir='ltr'>cres-</span> 
     </span>
     <span class='ocr_line' id='line_1_13' title="bbox 42 823 724 879; baseline 0 -15"><span class='ocrx_word' id='word_1_97' title='bbox 42 825 106 866; x_wconf 85' lang='lat' dir='ltr'>cente</span> <span class='ocrx_word' id='word_1_98' title='bbox 121 823 183 865; x_wconf 90' lang='lat' dir='ltr'>senio</span> <span class='ocrx_word' id='word_1_99' title='bbox 199 825 314 868; x_wconf 76' lang='lat' dir='ltr'>decrescat</span> <span class='ocrx_word' id='word_1_100' title='bbox 326 824 399 879; x_wconf 79' lang='lat' dir='ltr'>magis</span> <span class='ocrx_word' id='word_1_101' title='bbox 414 824 535 879; x_wconf 83' lang='lat' dir='ltr'>capacitas.</span> <span class='ocrx_word' id='word_1_102' title='bbox 552 824 631 867; x_wconf 88' lang='lat' dir='ltr'>Videri</span> <span class='ocrx_word' id='word_1_103' title='bbox 648 824 724 877; x_wconf 83' lang='lat' dir='ltr'>potest</span> 
     </span>
     <span class='ocr_line' id='line_1_14' title="bbox 41 880 721 937; baseline -0.003 -11"><span class='ocrx_word' id='word_1_104' title='bbox 41 882 105 937; x_wconf 79' lang='lat' dir='ltr'>Lugo</span> <span class='ocrx_word' id='word_1_105' title='bbox 124 884 150 927; x_wconf 91' lang='lat' dir='ltr'>de</span> <span class='ocrx_word' id='word_1_106' title='bbox 161 884 246 928; x_wconf 84' lang='lat' dir='ltr'>Poenit.</span> <span class='ocrx_word' id='word_1_107' title='bbox 259 886 281 928; x_wconf 91' lang='lat' dir='ltr'>d.</span> <span class='ocrx_word' id='word_1_108' title='bbox 295 885 331 935; x_wconf 82' lang='lat'>17,</span> <span class='ocrx_word' id='word_1_109' title='bbox 343 898 365 927; x_wconf 92' lang='lat' dir='ltr'>n.</span> <span class='ocrx_word' id='word_1_110' title='bbox 378 885 404 937; x_wconf 80' lang='lat'>8;</span> <span class='ocrx_word' id='word_1_111' title='bbox 418 885 502 928; x_wconf 86' lang='lat' dir='ltr'>Dicast.</span> <span class='ocrx_word' id='word_1_112' title='bbox 517 885 545 927; x_wconf 90' lang='lat' dir='ltr'>de</span> <span class='ocrx_word' id='word_1_113' title='bbox 559 883 642 928; x_wconf 85' lang='lat' dir='ltr'>Poenit.</span> <span class='ocrx_word' id='word_1_114' title='bbox 659 883 679 925; x_wconf 90' lang='lat' dir='ltr'>d.</span> <span class='ocrx_word' id='word_1_115' title='bbox 698 880 721 935; x_wconf 81' lang='lat'>9,</span> 
     </span>
     <span class='ocr_line' id='line_1_15' title="bbox 41 942 496 1000; baseline 0.002 -15"><span class='ocrx_word' id='word_1_116' title='bbox 41 954 64 986; x_wconf 89' lang='lat' dir='ltr'>n.</span> <span class='ocrx_word' id='word_1_117' title='bbox 77 942 133 999; x_wconf 56' lang='lat' dir='ltr'>mm</span> <span class='ocrx_word' id='word_1_118' title='bbox 146 943 279 1000; x_wconf 77' lang='lat' dir='ltr'>Burghaber</span> <span class='ocrx_word' id='word_1_119' title='bbox 288 946 348 989; x_wconf 86' lang='lat' dir='ltr'>cent.</span> <span class='ocrx_word' id='word_1_120' title='bbox 362 944 385 998; x_wconf 82' lang='lat'>3,</span> <span class='ocrx_word' id='word_1_121' title='bbox 397 956 451 988; x_wconf 89' lang='lat' dir='ltr'>casu</span> <span class='ocrx_word' id='word_1_122' title='bbox 458 944 496 987; x_wconf 84' lang='grc'>41.</span> 
     </span>
    </p>
   </div>
   <div class='ocr_carea' id='block_1_3' title="bbox 292 1136 475 1185">
    <p class='ocr_par' dir='ltr' id='par_1_3' title="bbox 292 1136 475 1185">
     <span class='ocr_line' id='line_1_16' title="bbox 292 1136 475 1185; baseline -0.038 0"><span class='ocrx_word' id='word_1_123' title='bbox 292 1136 434 1185; x_wconf 82' lang='lat' dir='ltr'><strong>QUAESTIO</strong></span> <span class='ocrx_word' id='word_1_124' title='bbox 448 1136 475 1178; x_wconf 91' lang='lat' dir='ltr'>V.</span> 
     </span>
    </p>
   </div>
   <div class='ocr_carea' id='block_1_4' title="bbox 45 1254 724 1371">
    <p class='ocr_par' dir='ltr' id='par_1_4' title="bbox 45 1254 724 1371">
     <span class='ocr_line' id='line_1_17' title="bbox 45 1254 724 1314; baseline -0.006 -13"><span class='ocrx_word' id='word_1_125' title='bbox 45 1254 102 1312; x_wconf 68' lang='lat' dir='ltr'>Quo</span> <span class='ocrx_word' id='word_1_126' title='bbox 128 1255 265 1314; x_wconf 73' lang='lat' dir='ltr'>peonitentia</span> <span class='ocrx_word' id='word_1_127' title='bbox 291 1255 387 1299; x_wconf 76' lang='lat' dir='ltr'>rudibus</span> <span class='ocrx_word' id='word_1_128' title='bbox 416 1254 566 1312; x_wconf 70' lang='lat' dir='ltr'>irry‘onpcado,</span> <span class='ocrx_word' id='word_1_129' title='bbox 593 1255 724 1311; x_wconf 63' lang='lat' dir='ltr'>presertim</span> 
     </span>
     <span class='ocr_line' id='line_1_18' title="bbox 168 1314 610 1371; baseline -0.005 -10"><span class='ocrx_word' id='word_1_130' title='bbox 168 1316 265 1361; x_wconf 77' lang='lat' dir='ltr'>assuetis</span> <span class='ocrx_word' id='word_1_131' title='bbox 279 1315 429 1360; x_wconf 79' lang='lat' dir='ltr'>aroladiccndo</span> <span class='ocrx_word' id='word_1_132' title='bbox 446 1315 481 1360; x_wconf 79' lang='lat' dir='ltr'>oct</span> <span class='ocrx_word' id='word_1_133' title='bbox 491 1314 610 1371; x_wconf 73' lang='lat' dir='ltr'>jocondo?</span> 
     </span>
    </p>
   </div>
   <div class='ocr_carea' id='block_1_5' title="bbox 138 1434 628 1481">
    <p class='ocr_par' dir='ltr' id='par_1_5' title="bbox 138 1434 628 1481">
     <span class='ocr_line' id='line_1_19' title="bbox 138 1434 628 1481; baseline 0 -11"><span class='ocrx_word' id='word_1_134' title='bbox 138 1434 179 1470; x_wconf 77' lang='lat' dir='ltr'>trs.</span> <span class='ocrx_word' id='word_1_135' title='bbox 189 1436 231 1477; x_wconf 77' lang='lat' dir='ltr'>Quae</span> <span class='ocrx_word' id='word_1_136' title='bbox 243 1434 339 1469; x_wconf 77' lang='lat' dir='ltr'>satisfactio</span> <span class='ocrx_word' id='word_1_137' title='bbox 352 1434 461 1481; x_wconf 82' lang='lat' dir='ltr'>injungenda</span> <span class='ocrx_word' id='word_1_138' title='bbox 473 1434 584 1480; x_wconf 71' lang='lat' dir='ltr'>niatediciisi</span> <span class='ocrx_word' id='word_1_139' title='bbox 595 1440 628 1470; x_wconf 88' lang='lat' dir='ltr'>etc.</span> 
     </span>
    </p>
   </div>
   <div class='ocr_carea' id='block_1_6' title="bbox 1 1541 760 2318">
    <p class='ocr_par' dir='ltr' id='par_1_6' title="bbox 3 1541 760 1777">
     <span class='ocr_line' id='line_1_20' title="bbox 74 1541 743 1601; baseline 0 -14"><span class='ocrx_word' id='word_1_140' title='bbox 74 1543 125 1588; x_wconf 82' lang='lat'>118.</span> <span class='ocrx_word' id='word_1_141' title='bbox 141 1568 169 1577; x_wconf 92' lang='lat'><em>-</em></span> <span class='ocrx_word' id='word_1_142' title='bbox 187 1544 256 1599; x_wconf 85' lang='lat' dir='ltr'>Resp.</span> <span class='ocrx_word' id='word_1_143' title='bbox 269 1543 370 1586; x_wconf 87' lang='lat' dir='ltr'>Rusticis</span> <span class='ocrx_word' id='word_1_144' title='bbox 384 1549 408 1586; x_wconf 90' lang='lat' dir='ltr'>et</span> <span class='ocrx_word' id='word_1_145' title='bbox 421 1543 514 1600; x_wconf 89' lang='lat' dir='ltr'>plebeiis</span> <span class='ocrx_word' id='word_1_146' title='bbox 526 1556 565 1599; x_wconf 89' lang='lat' dir='ltr'>pro</span> <span class='ocrx_word' id='word_1_147' title='bbox 584 1542 724 1601; x_wconf 79' lang='lat' dir='ltr'>poenitentiis</span> <span class='ocrx_word' id='word_1_148' title='bbox 742 1541 743 1544; x_wconf 63' lang='grc'>’</span> 
     </span>
     <span class='ocr_line' id='line_1_21' title="bbox 42 1604 760 1659; baseline -0.003 -12"><span class='ocrx_word' id='word_1_149' title='bbox 42 1604 91 1647; x_wconf 86' lang='lat' dir='ltr'>fere</span> <span class='ocrx_word' id='word_1_150' title='bbox 111 1616 189 1658; x_wconf 87' lang='lat' dir='ltr'>preces</span> <span class='ocrx_word' id='word_1_151' title='bbox 211 1606 264 1646; x_wconf 87' lang='lat' dir='ltr'>sunt</span> <span class='ocrx_word' id='word_1_152' title='bbox 283 1604 434 1659; x_wconf 74' lang='lat' dir='ltr'>injungendae,</span> <span class='ocrx_word' id='word_1_153' title='bbox 448 1609 471 1646; x_wconf 90' lang='lat' dir='ltr'>et</span> <span class='ocrx_word' id='word_1_154' title='bbox 485 1604 573 1659; x_wconf 84' lang='lat' dir='ltr'>quidem</span> <span class='ocrx_word' id='word_1_155' title='bbox 592 1604 724 1659; x_wconf 86' lang='lat' dir='ltr'>pierumque</span> <span class='ocrx_word' id='word_1_156' title='bbox 758 1615 760 1619; x_wconf 87' lang='lat'>·</span> 
     </span>
     <span class='ocr_line' id='line_1_22' title="bbox 3 1662 724 1718; baseline -0.004 -11"><span class='ocrx_word' id='word_1_157' title='bbox 3 1686 5 1689; x_wconf 44' lang='lat'><em>⁴</em></span> <span class='ocrx_word' id='word_1_158' title='bbox 42 1663 110 1716; x_wconf 87' lang='lat' dir='ltr'>tates,</span> <span class='ocrx_word' id='word_1_159' title='bbox 123 1674 177 1717; x_wconf 87' lang='lat' dir='ltr'>quas</span> <span class='ocrx_word' id='word_1_160' title='bbox 189 1662 266 1712; x_wconf 89' lang='lat' dir='ltr'>statim</span> <span class='ocrx_word' id='word_1_161' title='bbox 277 1663 354 1706; x_wconf 87' lang='lat' dir='ltr'>eodem</span> <span class='ocrx_word' id='word_1_162' title='bbox 367 1663 402 1705; x_wconf 84' lang='lat' dir='ltr'>die</span> <span class='ocrx_word' id='word_1_163' title='bbox 419 1663 557 1717; x_wconf 78' lang='lat' dir='ltr'>persolvant,</span> <span class='ocrx_word' id='word_1_164' title='bbox 571 1663 724 1718; x_wconf 77' lang='lat' dir='ltr'>estproximo</span> 
     </span>
     <span class='ocr_line' id='line_1_23' title="bbox 43 1721 723 1777; baseline -0.004 -11"><span class='ocrx_word' id='word_1_165' title='bbox 43 1722 111 1773; x_wconf 78' lang='lat' dir='ltr'>test0,</span> <span class='ocrx_word' id='word_1_166' title='bbox 127 1721 170 1764; x_wconf 92' lang='lat' dir='ltr'>nisi</span> <span class='ocrx_word' id='word_1_167' title='bbox 182 1722 234 1777; x_wconf 88' lang='lat' dir='ltr'>quid</span> <span class='ocrx_word' id='word_1_168' title='bbox 246 1722 305 1765; x_wconf 84' lang='lat' dir='ltr'>atiud</span> <span class='ocrx_word' id='word_1_169' title='bbox 323 1723 417 1765; x_wconf 88' lang='lat' dir='ltr'>suadeat</span> <span class='ocrx_word' id='word_1_170' title='bbox 434 1723 578 1776; x_wconf 83' lang='lat' dir='ltr'>consuetude,</span> <span class='ocrx_word' id='word_1_171' title='bbox 591 1722 629 1765; x_wconf 86' lang='lat' dir='ltr'>vei</span> <span class='ocrx_word' id='word_1_172' title='bbox 649 1722 723 1777; x_wconf 75' lang='lat' dir='ltr'>negti-</span> 
     </span>
    </p>

    <p class='ocr_par' dir='ltr' id='par_1_7' title="bbox 19 1782 729 2076">
     <span class='ocr_line' id='line_1_24' title="bbox 19 1782 729 1839; baseline 0.003 -14"><span class='ocrx_word' id='word_1_173' title='bbox 19 1808 21 1810; x_wconf 96' lang='lat'>·</span> <span class='ocrx_word' id='word_1_174' title='bbox 40 1782 122 1839; x_wconf 80' lang='lat' dir='ltr'>gentia</span> <span class='ocrx_word' id='word_1_175' title='bbox 133 1782 155 1823; x_wconf 93' lang='lat' dir='ltr'>in</span> <span class='ocrx_word' id='word_1_176' title='bbox 171 1782 261 1825; x_wconf 68' lang='lat' dir='ltr'>divinis,</span> <span class='ocrx_word' id='word_1_177' title='bbox 278 1783 336 1825; x_wconf 89' lang='lat' dir='ltr'>Hinc</span> <span class='ocrx_word' id='word_1_178' title='bbox 354 1782 372 1825; x_wconf 87' lang='lat' dir='ltr'>si</span> <span class='ocrx_word' id='word_1_179' title='bbox 394 1782 534 1838; x_wconf 75' lang='lat' dir='ltr'>negligentes</span> <span class='ocrx_word' id='word_1_180' title='bbox 552 1782 634 1825; x_wconf 87' lang='lat' dir='ltr'>sintin</span> <span class='ocrx_word' id='word_1_181' title='bbox 651 1783 729 1827; x_wconf 55' lang='lat' dir='ltr'>susci&lt;</span> 
     </span>
     <span class='ocr_line' id='line_1_25' title="bbox 41 1841 722 1900; baseline -0.004 -13"><span class='ocrx_word' id='word_1_182' title='bbox 41 1841 126 1900; x_wconf 85' lang='lat' dir='ltr'>pieudo</span> <span class='ocrx_word' id='word_1_183' title='bbox 145 1841 291 1884; x_wconf 72' lang='lat' dir='ltr'>Sacramento</span> <span class='ocrx_word' id='word_1_184' title='bbox 309 1842 462 1894; x_wconf 67' lang='lat' dir='ltr'>Paenitentia,</span> <span class='ocrx_word' id='word_1_185' title='bbox 475 1842 606 1898; x_wconf 78' lang='lat' dir='ltr'>injungetur</span> <span class='ocrx_word' id='word_1_186' title='bbox 627 1842 722 1891; x_wconf 87' lang='lat' dir='ltr'>utiliter,</span> 
     </span>
     <span class='ocr_line' id='line_1_26' title="bbox 42 1901 723 1957; baseline -0.001 -13"><span class='ocrx_word' id='word_1_187' title='bbox 42 1905 66 1946; x_wconf 88' lang='lat' dir='ltr'>ut</span> <span class='ocrx_word' id='word_1_188' title='bbox 89 1903 141 1957; x_wconf 85' lang='lat' dir='ltr'>post</span> <span class='ocrx_word' id='word_1_189' title='bbox 158 1913 266 1955; x_wconf 85' lang='lat' dir='ltr'>mensem,</span> <span class='ocrx_word' id='word_1_190' title='bbox 278 1901 315 1943; x_wconf 87' lang='lat' dir='ltr'>vel</span> <span class='ocrx_word' id='word_1_191' title='bbox 333 1901 435 1956; x_wconf 86' lang='lat' dir='ltr'>proximo</span> <span class='ocrx_word' id='word_1_192' title='bbox 452 1901 511 1944; x_wconf 81' lang='lat' dir='ltr'>festo</span> <span class='ocrx_word' id='word_1_193' title='bbox 533 1901 627 1955; x_wconf 83' lang='lat' dir='ltr'>majore,</span> <span class='ocrx_word' id='word_1_194' title='bbox 641 1903 723 1953; x_wconf 87' lang='lat' dir='ltr'>aut,&#39;si</span> 
     </span>
     <span class='ocr_line' id='line_1_27' title="bbox 41 1960 723 2016; baseline -0.003 -11"><span class='ocrx_word' id='word_1_195' title='bbox 41 1969 98 2005; x_wconf 89' lang='lat' dir='ltr'>tuuc</span> <span class='ocrx_word' id='word_1_196' title='bbox 109 1973 152 2002; x_wconf 91' lang='lat' dir='ltr'>non</span> <span class='ocrx_word' id='word_1_197' title='bbox 163 1961 256 2015; x_wconf 81' lang='lat' dir='ltr'>possint,</span> <span class='ocrx_word' id='word_1_198' title='bbox 270 1961 372 2015; x_wconf 82' lang='lat' dir='ltr'>proxima</span> <span class='ocrx_word' id='word_1_199' title='bbox 384 1965 434 2016; x_wconf 87' lang='lat' dir='ltr'>post</span> <span class='ocrx_word' id='word_1_200' title='bbox 442 1960 498 2004; x_wconf 85' lang='lat' dir='ltr'>iliud</span> <span class='ocrx_word' id='word_1_201' title='bbox 510 1961 625 2003; x_wconf 81' lang='lat' dir='ltr'>occasione</span> <span class='ocrx_word' id='word_1_202' title='bbox 641 1961 723 2003; x_wconf 83' lang='lat' dir='ltr'>iterum</span> 
     </span>
     <span class='ocr_line' id='line_1_28' title="bbox 39 2019 725 2076; baseline -0.003 -11"><span class='ocrx_word' id='word_1_203' title='bbox 39 2019 203 2072; x_wconf 86' lang='lat' dir='ltr'>confiteantur,</span> <span class='ocrx_word' id='word_1_204' title='bbox 214 2023 261 2071; x_wconf 88' lang='lat' dir='ltr'>aut,</span> <span class='ocrx_word' id='word_1_205' title='bbox 272 2021 290 2063; x_wconf 92' lang='lat' dir='ltr'>si</span> <span class='ocrx_word' id='word_1_206' title='bbox 302 2021 485 2064; x_wconf 86' lang='lat' dir='ltr'>consuetudinem</span> <span class='ocrx_word' id='word_1_207' title='bbox 497 2020 595 2064; x_wconf 89' lang='lat' dir='ltr'>habeant</span> <span class='ocrx_word' id='word_1_208' title='bbox 606 2034 628 2065; x_wconf 85' lang='lat' dir='ltr'>r.</span> <span class='ocrx_word' id='word_1_209' title='bbox 641 2034 664 2076; x_wconf 77' lang='lat' dir='ltr'>g.</span> <span class='ocrx_word' id='word_1_210' title='bbox 678 2034 725 2063; x_wconf 89' lang='lat' dir='ltr'>ma-</span> 
     </span>
    </p>

    <p class='ocr_par' dir='ltr' id='par_1_8' title="bbox 1 2077 724 2186">
     <span class='ocr_line' id='line_1_29' title="bbox 1 2077 723 2136; baseline -0.003 -13"><span class='ocrx_word' id='word_1_211' title='bbox 1 2117 3 2119; x_wconf 67' lang='grc'>,</span> <span class='ocrx_word' id='word_1_212' title='bbox 42 2078 165 2132; x_wconf 88' lang='lat' dir='ltr'>tedicendi,</span> <span class='ocrx_word' id='word_1_213' title='bbox 175 2077 213 2121; x_wconf 87' lang='lat' dir='ltr'>vel</span> <span class='ocrx_word' id='word_1_214' title='bbox 228 2079 327 2133; x_wconf 72' lang='lat' dir='ltr'>jurandi,</span> <span class='ocrx_word' id='word_1_215' title='bbox 341 2093 381 2136; x_wconf 87' lang='lat' dir='ltr'>per</span> <span class='ocrx_word' id='word_1_216' title='bbox 400 2079 448 2123; x_wconf 87' lang='lat' dir='ltr'>dies</span> <span class='ocrx_word' id='word_1_217' title='bbox 464 2081 501 2134; x_wconf 77' lang='lat'>14,</span> <span class='ocrx_word' id='word_1_218' title='bbox 513 2080 550 2123; x_wconf 82' lang='lat' dir='ltr'>vet</span> <span class='ocrx_word' id='word_1_219' title='bbox 567 2093 608 2136; x_wconf 86' lang='lat' dir='ltr'>per</span> <span class='ocrx_word' id='word_1_220' title='bbox 624 2093 723 2122; x_wconf 81' lang='lat' dir='ltr'>mensem</span> 
     </span>
     <span class='ocr_line' id='line_1_30' title="bbox 42 2139 724 2186; baseline -0.003 0"><span class='ocrx_word' id='word_1_221' title='bbox 42 2140 215 2186; x_wconf 85' lang='lat' dir='ltr'>manerecitent</span> <span class='ocrx_word' id='word_1_222' title='bbox 223 2143 258 2182; x_wconf 86' lang='lat' dir='ltr'>ter</span> <span class='ocrx_word' id='word_1_223' title='bbox 269 2139 338 2182; x_wconf 88' lang='lat' dir='ltr'>Pater</span> <span class='ocrx_word' id='word_1_224' title='bbox 349 2143 372 2184; x_wconf 88' lang='lat' dir='ltr'>et</span> <span class='ocrx_word' id='word_1_225' title='bbox 381 2141 430 2184; x_wconf 87' lang='lat' dir='ltr'>Ave</span> <span class='ocrx_word' id='word_1_226' title='bbox 438 2140 460 2184; x_wconf 89' lang='lat' dir='ltr'>in</span> <span class='ocrx_word' id='word_1_227' title='bbox 469 2141 558 2183; x_wconf 87' lang='lat' dir='ltr'>taudem</span> <span class='ocrx_word' id='word_1_228' title='bbox 571 2139 724 2184; x_wconf 80' lang='lat' dir='ltr'>Sanctissimae</span> 
     </span>
    </p>

    <p class='ocr_par' dir='ltr' id='par_1_9' title="bbox 31 2199 725 2318">
     <span class='ocr_line' id='line_1_31' title="bbox 31 2199 724 2256; baseline -0.003 -11"><span class='ocrx_word' id='word_1_229' title='bbox 31 2199 177 2253; x_wconf 51' lang='lat' dir='ltr'>&#39;&#39;Prinitatis3</span> <span class='ocrx_word' id='word_1_230' title='bbox 191 2204 269 2255; x_wconf 88' lang='lat' dir='ltr'>petant</span> <span class='ocrx_word' id='word_1_231' title='bbox 279 2201 366 2243; x_wconf 85' lang='lat' dir='ltr'>veniam</span> <span class='ocrx_word' id='word_1_232' title='bbox 378 2214 469 2244; x_wconf 86' lang='lat' dir='ltr'>suorum</span> <span class='ocrx_word' id='word_1_233' title='bbox 478 2206 628 2256; x_wconf 87' lang='lat' dir='ltr'>peccatorum,</span> <span class='ocrx_word' id='word_1_234' title='bbox 636 2202 724 2244; x_wconf 85' lang='lat' dir='ltr'>iabores</span> 
     </span>
     <span class='ocr_line' id='line_1_32' title="bbox 45 2258 725 2318; baseline -0.009 -9"><span class='ocrx_word' id='word_1_235' title='bbox 45 2276 98 2309; x_wconf 85' lang='lat' dir='ltr'>suos</span> <span class='ocrx_word' id='word_1_236' title='bbox 110 2264 133 2306; x_wconf 86' lang='lat' dir='ltr'>et</span> <span class='ocrx_word' id='word_1_237' title='bbox 143 2259 288 2305; x_wconf 85' lang='lat' dir='ltr'>difficultates</span> <span class='ocrx_word' id='word_1_238' title='bbox 305 2258 350 2303; x_wconf 89' lang='lat' dir='ltr'>isto</span> <span class='ocrx_word' id='word_1_239' title='bbox 364 2260 400 2304; x_wconf 88' lang='lat' dir='ltr'>die</span> <span class='ocrx_word' id='word_1_240' title='bbox 416 2261 528 2305; x_wconf 85' lang='lat' dir='ltr'>obeundas</span> <span class='ocrx_word' id='word_1_241' title='bbox 546 2261 643 2318; x_wconf 82' lang='lat' dir='ltr'>simplici</span> <span class='ocrx_word' id='word_1_242' title='bbox 659 2262 725 2305; x_wconf 88' lang='lat' dir='ltr'>modo</span> 
     </span>
    </p>
   </div>
   <div class='ocr_carea' id='block_1_7' title="bbox 0 0 794 2464">
    <p class='ocr_par' dir='ltr' id='par_1_10' title="bbox 0 0 794 2464">
     <span class='ocr_line' id='line_1_33' title="bbox 0 0 794 2464; baseline 0 0"><span class='ocrx_word' id='word_1_243' title='bbox 0 0 794 2464; x_wconf 95' lang='lat' dir='ltr'> </span> 
     </span>
    </p>
   </div>
  </div>
 </body>
</html>
