1577 2464
258 52 317 83 rans
332 51 358 92 11,
382 27 496 88 onrur'rv
526 71 533 82 ,
672 39 718 83 147
784 65 786 67 -

36 145 61 177 sc
71 132 148 179 licitus
158 139 206 191 est3
217 139 241 180 et
253 137 302 192 ejus
312 137 364 179 finis
378 135 501 191 primarius
514 147 555 179 nec
567 148 608 191 per
618 137 660 180 hoo
670 137 717 180 im·
741 159 743 163 Α

25 191 135 250 peditur,
145 209 186 239 nec
197 195 297 250 positive
304 194 439 239 excluditur.
448 194 511 237 Idem
520 197 554 237 est
565 195 592 237 de
602 194 653 239 aliis
662 197 716 240 acti·
759 214 761 217 ·
785 209 787 212 ·

36 251 78 294 bus
90 252 222 311 conjugibus
231 254 308 309 licitis,
318 249 347 298 'ut
357 257 410 299 sunt
418 258 500 308 tactus,
510 254 594 308 oscula,
603 258 714 310 aspectus,

37 309 121 357 sitiant
131 314 255 373 voluptatis
264 313 334 358 solius
346 312 415 359 causa
425 318 448 359 ct
458 314 516 358 citra
525 313 650 372 perieulum
662 314 718 359 alte-¹

35 371 85 415 rins
101 374 179 429 gravis
196 375 340 429 incommodi,
360 377 400 419 aut
421 374 514 418 effectus
532 375 636 432 graviter
652 374 733 418 mali.v

37 431 122 477 Horum
132 441 200 478 urium
209 434 229 478 si
238 434 336 490 adesset,
344 434 381 479 νε]
390 434 439 492 ejus
445 433 570 492 pericnlum
579 434 716 493 proximum,

37 495 170 548 peccaretur
181 495 293 551 graviter.
702 504 704 508 ⁴
775 544 777 547 ,

67 551 225 610 propugnato.
238 555 353 599 Tenentur
368 556 475 613 conjuges
486 556 514 599 ad
528 555 595 598 fidem
607 552 630 598 et
642 554 717 599 conti-

37 612 137 656 nentiam
153 614 303 669 conjugalem.
317 616 381 658 Unde
396 616 417 658 1.
432 616 531 658 Peccant
548 614 651 670 graviter
662 628 718 657 eon-

33 669 111 727 juges,
124 672 143 715 si
155 686 195 730 per
206 675 289 728 tactus,
301 675 355 728 etc,
368 677 481 729 exponant
498 686 522 718 se
537 674 647 729 probabili
659 674 720 729 peri-

38 730 88 773 culo
95 732 235 788 pollutionis,
246 735 286 778 aut
296 734 465 790 generationem
475 732 572 791 positive
583 733 716 791 impediant,

37 802 115 835 semen
134 794 200 838 extra
220 806 261 837 vas
283 793 415 839 effundendo
438 792 478 852 (l).
505 793 618 837 Caeterum
638 793 715 838 Sanct.

62 917 85 964 (il
95 918 120 955 Cf.
132 919 150 955 S.
161 921 212 967 Alpln.
223 919 281 968 (Pron.
291 922 341 958 Ccnf·
351 922 372 957 dl
383 924 457 959 etitem·
467 926 524 965 apost.
536 927 558 956 tr.
568 921 601 958 ult.
609 930 627 955 n.
637 919 673 966 27).

58 966 100 1000 >Non
109 967 142 1001 abs
154 977 174 1002 re
186 968 220 1002 erit
229 969 323 1002 nonnullas
333 968 391 1002 Sacrae
400 968 537 1003 Poeuitentiariae
546 967 677 1011 Rcsponsiones
684 968 717 1004 hae

37 1010 60 1045 de
68 1020 88 1045 re
98 1012 117 1046 in
128 1013 205 1047 medium
213 1013 282 1048 afferre.

61 1058 158 1098 Quaesitum
167 1059 192 1094 ita
199 1058 233 1094 iuit
243 1069 254 1095 a
263 1059 299 1095 nn.
308 1059 391 1103 Gousset,
400 1068 443 1095 ann.
453 1058 505 1094 lSt‘i.

61 1104 113 1139 Beria
128 1105 185 1140 virum
202 1106 261 1150 habet,
278 1116 330 1151 quern
344 1106 432 1141 constanti
447 1104 557 1150 experientia
571 1105 662 1152 cognoscit
679 1116 718 1142 csse

38 1151 146 1186 onanistam.
158 1153 176 1186 ln
185 1161 250 1186 vanum
263 1153 322 1187 omnia
331 1152 407 1187 tentavit
419 1151 479 1187 media
487 1156 507 1186 ut
515 1150 566 1185 illum
576 1159 630 1187 atam
641 1151 718 1188 nefando

38 1196 113 1232 crimine
126 1198 229 1233 retraheret.
242 1199 288 1239 Quin
300 1196 336 1234 imo
345 1199 450 1244 gravissima
459 1201 489 1234 aut
501 1197 563 1234 saltem
573 1198 634 1244 granio
643 1199 690 1234 mala
701 1200 717 1235 ei
784 1241 787 1243 ,

38 1243 133 1280 imminent
144 1254 192 1280 nnnc
202 1246 325 1290 probabiliter,
334 1245 360 1280 ita
371 1250 391 1281 ut
404 1245 432 1281 vel
445 1246 484 1280 haec
494 1245 541 1279 mala
554 1245 645 1281 incurrere
655 1245 718 1281 debeat

38 1290 66 1325 νε]
76 1293 139 1326 saltem
149 1291 211 1338 fugere
221 1302 230 1326 e
242 1292 294 1328 domo
302 1292 370 1337 mariti,
383 1292 418 1327 nisi
429 1292 526 1338 permittat,
538 1292 601 1327 saltem
613 1292 716 1338 aliquande,
776 1327 777 1330 ,

38 1336 114 1372 abusum
122 1338 241 1383 matrimonii,
250 1345 283 1376 etc.

62 1385 172 1430 Responsum
180 1386 213 1420 luit
226 1395 230 1420 :
242 1387 318 1427 «Quum
327 1384 346 1420 in
358 1384 449 1432 proposito
459 1392 503 1419 casu
512 1382 593 1418 muliera
603 1392 636 1418 suo
644 1383 716 1429 quidam

37 1435 89 1476 parte
105 1432 150 1466 nihil
166 1438 323 1467 contionaturum
341 1439 388 1477 agat,
403 1432 468 1475 detque
482 1438 553 1473 oporam
567 1430 593 1464 rei
608 1430 669 1473 licitae,
681 1435 717 1465 tota
770 1466 771 1469 ,

38 1481 98 1511 autem
106 1483 156 1512 aetus
166 1478 275 1513 inordinatio
284 1488 306 1513 ex
317 1479 351 1512 viri
362 1477 430 1512 malitia
440 1475 529 1521 procedat,
541 1477 570 1519 qui
581 1476 620 1510 loco
633 1485 718 1511 cousum-

39 1522 99 1558 mandi
110 1523 184 1558 retrahit
193 1534 212 1558 se
222 1529 240 1559 et
250 1530 299 1560 extra
308 1535 341 1559 vas
349 1524 434 1565 effundit3
444 1521 520 1566 ideoque
530 1521 546 1556 si
558 1522 630 1566 osunen,
638 1528 679 1567 post
688 1522 719 1558 de-

39 1569 85 1604 bitas
94 1568 231 1615 admonitiones,
240 1572 286 1606 nihil
292 1571 379 1616 proficiat,
385 1571 413 1607 vir
421 1575 480 1603 autem
489 1570 543 1603 instet
552 1568 636 1604 mittendo
644 1569 718 1605 vernem

39 1621 70 1650 ant
85 1622 165 1661 mortem,
184 1623 214 1652 aut
228 1618 264 1652 alia
279 1619 385 1664 gravissima
401 1616 454 1660 mala,
469 1615 534 1660 poterit
550 1614 590 1659 ipsa
606 1615 632 1661 (ut
648 1616 718 1660 probati

38 1663 124 1709 Theologi
133 1662 209 1708 docent),
220 1664 265 1711 citra
273 1670 364 1708 peccatum
370 1666 473 1707 perintsrtoe
482 1662 583 1696 solabere.
595 1661 653 1702 Quum
661 1664 681 1696 in
690 1663 720 1697 his
772 1681 776 1687 ι

38 1710 203 1754 rerumadjunctis,
213 1710 253 1754 ipsa
260 1711 294 1745 viri
305 1712 333 1745 sui
342 1715 434 1756 peccatum
444 1708 549 1753 simpliciter
559 1710 656 1753 permittat,
664 1709 719 1755 idque

39 1766 60 1792 εν
69 1757 118 1803 gravi
126 1766 179 1793 causa
187 1766 226 1802 quae
233 1767 272 1793 cam
283 1764 367 1803 excusam
378 1756 461 1806 quoniam
470 1755 554 1800 charitas,
565 1766 600 1802 qua
609 1757 654 1792 illud
661 1756 720 1804 impe·

39 1803 78 1839 dire
87 1810 162 1849 tenetur,
174 1814 213 1840 cum
224 1808 272 1840 tanto
282 1805 394 1841 incommodo
405 1814 441 1840 nou
452 1802 545 1849 obligat».

63 1851 126 1887 Datum
134 1853 200 1896 Romae,
209 1851 228 1885 in
237 1851 292 1886 Sacra
299 1852 440 1895 Poenitentiaria,
449 1849 494 1885 diet
506 1849 592 1885 februarii
602 1849 654 1887 tara.

96 1917 97 1920 =
387 1898 404 1934 d.
414 1900 433 1933 a.
443 1897 512 1940 Bessis,
524 1898 542 1932 S.
550 1898 571 1932 P.
582 1898 623 1940 dap.

447 1944 472 1978 ln.
483 1944 523 1986 rio,
530 1945 548 1976 S.
558 1945 582 1979 P.
590 1946 658 1980 Secret.

63 2012 90 2047 dd
99 2011 158 2048 simile
167 2012 260 2058 quasilum
271 2013 292 2047 [t.
301 2010 367 2056 ulaine,
380 2009 469 2047 centeni
479 2009 550 2054 vicarii,
559 2019 664 2056 responsum
675 2014 702 2046 est
712 2019 717 2047 t

38 2069 50 2092 «
60 2058 132 2094 Probati
141 2060 258 2106 castigatique
268 2058 364 2093 moralistae
371 2057 391 2091 in
403 2058 439 2093 hoc
451 2058 597 2102 consentierunt
606 2058 659 2097 lieeat
667 2058 718 2093 uxori

39 2104 118 2140 debitum
126 2106 206 2149 reddere,
213 2106 228 2141 si
238 2115 259 2142 er
268 2106 305 2149 ejus
314 2104 430 2149 denegatione
439 2106 486 2139 male
494 2103 575 2139 habenda
582 2104 606 2139 sit
615 2114 626 2138 a
634 2104 671 2139 uiro
679 2113 718 2148 sno,
781 2126 785 2136 0

37 2156 57 2186 et
65 2162 118 2198 grave
128 2152 170 2188 inde
182 2153 313 2189 incommodum
328 2150 362 2186 sibi
372 2150 435 2185 timere
444 2151 508 2196 possit.
520 2151 581 2195 Neque
597 2151 652 2193 enirn,
661 2150 718 2193 aiunt,

38 2199 73 2237 noc
83 2199 102 2234 in
113 2208 156 2235 casu
167 2205 249 2237 censetur
259 2209 303 2234 uxor
312 2197 346 2233 riri
357 2197 384 2232 sui
396 2201 469 2240 peccato
476 2197 576 2234 formaliter
585 2196 681 2241 cooperari,
687 2196 718 2231 sed

39 2244 215 2288 illndtantummodp
224 2256 245 2285 ex
255 2247 303 2297 justa
315 2249 332 2281 et
345 2242 447 2284 rationabili
461 2253 516 2285 causa
527 2243 636 2292 pertinuere.
650 2241 720 2281 ttoncat
