1577 2464
59 113 103 158 252
144 125 370 160 nno-courussnams
385 127 496 160 renorma
510 128 651 164 rusrauorus

28 214 29 217 ’
59 213 214 270 propositum
232 212 286 270 quia
303 215 426 270 prudenter
442 213 518 260 timeri
537 215 658 272 potestne
678 212 736 262 desit

30 320 31 324 ,
58 272 122 316 dolor
134 273 161 315 de
172 272 219 316 illis
230 273 363 318 venialibus.
377 275 442 319 Unde
458 278 510 319 sunt
519 274 630 319 excitandi
639 275 697 320 tales
707 277 736 320 ad

59 335 173 386 sincerum
195 333 304 389 dolorem,
322 337 465 391 proponendo
483 335 528 379 illis
549 334 610 379 illius
630 336 734 381 motiva:

59 406 109 449 quae
137 394 191 437 sunt
216 393 333 450 sequentia
355 406 361 437 :
382 394 404 438 1.
427 396 498 439 Omne
520 394 609 439 veniale
634 398 669 440 est
694 410 736 452 pe-

56 453 95 510 J'us
113 453 207 508 malum,
226 451 287 497 omni
303 453 363 497 malo
379 453 473 512 physico
488 454 555 512 hujus
575 455 737 512 mundisquia

59 513 120 556 mala
140 514 228 568 reliqua
248 516 327 557 eontra
345 517 462 558 creaturas
482 518 542 568 sunt,
561 527 611 569 quae
631 518 736 570 respectu

59 572 101 617 Dei
117 574 170 615 sunt
187 572 250 626 quasi
267 585 312 614 non
330 572 385 625 sint,
400 576 423 616 et
440 572 504 617 velut
522 573 616 617 nihilum
630 578 654 618 et
670 574 736 617 inane

59 634 171 686 reputatae
191 633 242 674 sunt
262 629 302 675 ei:
319 633 436 686 peecatum
455 631 531 676 autem
551 633 639 676 veniale
659 636 738 677 eontra

60 692 132 735 Deum
143 692 185 734 est.
199 689 355 735 Malitiaillius
367 704 395 734 ex
403 705 429 735 eo
440 692 522 746 elucet,
531 693 583 748 quia
594 695 653 737 Deus
664 693 738 737 Judex

54 751 142 807 justus,
161 752 184 797 et
204 763 272 806 supra
290 750 424 809 condignum
444 765 488 796 non
507 753 609 809 puniens,
621 752 645 798 in
663 753 737 798 servis

61 810 129 852 etiarn
150 808 197 852 suis
215 809 350 864 gravissime
370 810 394 851 id
414 811 521 865 punivit:
534 813 626 867 Moyses
645 815 739 868 propter

60 868 134 912 levem
151 866 280 912 diffidentiae
300 869 388 926 eulpam
402 869 506 914 exclusus
523 874 558 915 est
572 884 586 915 a
604 874 668 915 terra
683 884 739 927 pro-

60 927 174 973 missionis
188 928 263 972 :levis
278 928 329 972 Oeae
341 929 493 985 imprudentia
508 931 582 980 morte
599 931 736 987 repentina:

60 988 119 1032 levis
133 986 223 1030 vanitas
237 988 330 1031 Davidis
345 989 369 1031 in
385 990 522 1033 numerando
537 990 628 1047 populo,
640 993 704 1048 peste
716 994 739 1035 et

61 1048 206 1104 septuaginta
233 1047 329 1091 millium
354 1048 469 1093 hominum
497 1052 571 1094 morte
593 1052 673 1107 punita
694 1053 752 1095 est·

60 1107 152 1162 Anima,
168 1107 192 1150 in
209 1108 285 1163 gratia
299 1107 353 1151 lieet
366 1108 480 1162 continua,
492 1108 575 1153 inlecta
586 1122 629 1152 uno
645 1109 738 1163 veniali,

61 1171 90 1215 ad
101 1173 244 1226 conspectum
255 1168 305 1222 Dei,
319 1168 363 1211 nisi
373 1167 397 1210 id
407 1168 518 1221 deleatur,
530 1180 645 1223 nunquam
656 1166 741 1210 admit-

61 1233 141 1276 tetur:
160 1228 241 1271 animae
252 1230 297 1271 Deo
309 1228 397 1271 dilectae
414 1227 437 1270 in
448 1226 589 1283 purgatorio,
607 1240 662 1281 quas
680 1226 741 1269 desi-

61 1291 129 1337 derat
139 1291 198 1333 Deus
206 1288 307 1345 protinus
315 1288 343 1330 ad
352 1299 377 1331 se
388 1287 518 1342 admittere,
528 1286 633 1341 exigente
640 1285 739 1342 justitia,

62 1351 209 1396 retardantur
224 1361 237 1390 a
252 1347 316 1401 coelo,
333 1350 357 1392 et
373 1346 509 1403 gravissime
524 1346 659 1402 puniuntur;
672 1345 741 1387 donee

62 1423 153 1467 poenam
164 1407 290 1452 venialibus
298 1407 397 1452 debitam
407 1406 554 1450 exsolverint.
564 1406 598 1447 Ex
606 1405 641 1447 his
651 1404 740 1460 collige,

62 1472 171 1525 quantum
182 1466 267 1509 malum
276 1465 306 1509 sit
315 1468 431 1522 peecatum
440 1464 537 1509 veniale.
549 1464 572 1508 2.
583 1464 681 1509 Mortale
690 1471 746 1521 peo-'

62 1531 137 1571 catum
151 1528 186 1569 est
196 1523 335 1579 malumque
345 1524 438 1580 gravius
449 1524 545 1579 eogitari
556 1537 599 1567 non
610 1527 699 1580 potest;
712 1526 740 1568 ad

63 1588 105 1629 hoo
119 1585 208 1629 veniale
226 1584 332 1641 disponit.
355 1583 403 1637 Qui
419 1582 506 1641 spernit
523 1582 611 1628 rrrodr'ee
624 1583 742 1640 perriotr'rr

63 1645 156 1690 decidet.
181 1644 211 1688 Os
232 1643 292 1701 quod
315 1643 426 1687 rreerrte'trrr
444 1642 526 1687 oeer'dr't
548 1642 655 1688 errirrrerrr.
676 1645 741 1685 Unde

64 1705 162 1748 venialia
180 1703 305 1747 deliberata
319 1716 387 1746 eausa
403 1715 462 1758 saepe
477 1707 529 1747 sunt
543 1706 635 1747 aeternae
646 1703 741 1746 damna-

65 1764 141 1808 tionis.
162 1762 224 1818 tirriu
241 1761 331 1821 tepidus
346 1774 376 1815 es,
392 1759 501 1819 e'reoipr'errr
517 1764 537 1809 te
550 1774 646 1808 evomere
662 1774 688 1805 err
706 1774 743 1808 ore

12 1871 13 1874 ,
64 1836 119 1868 reeo.
131 1823 258 1868 venialiter
274 1834 368 1878 peoeans
384 1834 428 1864 non
446 1822 525 1868 horret
541 1822 588 1872 Deo
607 1820 740 1878 displicere3

65 1884 116 1926 vult
127 1883 200 1939 potius
214 1881 318 1936 daemoni,
330 1893 397 1937 quam
415 1882 461 1926 Deo
473 1880 518 1927 ista
531 1880 620 1927 aetione
636 1881 726 1938 plaeere
735 1894 750 1934 a

65 1947 101 1987 est
117 1943 254 1996 inobediens,
273 1941 386 1997 ingratus,
403 1940 500 1998 injurius
519 1944 598 1986 eontra
616 1943 697 1995 Deum,
708 1942 743 1986 ilii

65 2005 157 2047 fimatur
167 2001 262 2057 gloriam
273 2013 346 2052 suam.
359 2001 452 2045 Veniale
463 2003 499 2046 est
509 2002 591 2045 abusus
602 2001 685 2044 divinae
696 2014 744 2045 om·

59 2061 207 2120 ‘nipotentiaa
225 2063 249 2105 et
270 2059 368 2117 propriae
384 2059 508 2114 faeultatis,
530 2060 740 2118 creaturarumque,

55 2133 57 2137 ’
66 2137 122 2180 quas
133 2124 192 2167 Deus
202 2120 225 2163 in
235 2120 331 2175 gloriam
340 2132 404 2164 suam
414 2121 520 2165 condidit.
532 2121 596 2163 Unde
607 2120 696 2163 veniale
708 2124 744 2163 est

66 2183 151 2229 malum
164 2182 210 2226 Deo
226 2190 313 2226 summo
324 2179 389 2235 bono,
399 2181 460 2225 omni
477 2180 548 2234 cultu,
560 2179 653 2234 honore,
667 2193 745 2225 amore

68 2243 208 2299 dignissimo,
219 2253 247 2283 an
262 2251 317 2295 ergo
328 2253 371 2283 non
386 2243 421 2285 est
438 2238 610 2285 detestandum‘.l
621 2240 691 2283 Juvat
708 2240 745 2282 hie

34 2310 39 2318 '
67 2316 154 2362 quoque
171 2298 342 2347 similitudinem
352 2298 470 2360 adducere,
484 2313 507 2347 v.
519 2311 555 2360 gr.
568 2298 588 2346 si
599 2298 658 2346 filius
674 2302 744 2355 esset,
