<?xml version="1.0" encoding="UTF-8"?>
<!DOCTYPE html PUBLIC "-//W3C//DTD XHTML 1.0 Transitional//EN"
    "http://www.w3.org/TR/xhtml1/DTD/xhtml1-transitional.dtd">
<html xmlns="http://www.w3.org/1999/xhtml" xml:lang="en" lang="en">
 <head>
  <title>
</title>
<meta http-equiv="Content-Type" content="text/html;charset=utf-8" />
  <meta name='ocr-system' content='tesseract 3.04.00' />
  <meta name='ocr-capabilities' content='ocr_page ocr_carea ocr_par ocr_line ocrx_word'/>
</head>
<body>
  <div class='ocr_page' id='page_1' title='image "MN5128ucmf_0_0209.png"; bbox 0 0 1577 2464; ppageno 0'>
   <div class='ocr_carea' id='block_1_1' title="bbox 126 90 739 144">
    <p class='ocr_par' dir='ltr' id='par_1_1' title="bbox 126 90 739 144">
     <span class='ocr_line' id='line_1_1' title="bbox 126 90 739 144; baseline -0.016 -8"><span class='ocrx_word' id='word_1_1' title='bbox 126 134 128 143; x_wconf 70' lang='lat'>,</span> <span class='ocrx_word' id='word_1_2' title='bbox 190 114 191 118; x_wconf 63' lang='lat'><em>=</em></span> <span class='ocrx_word' id='word_1_3' title='bbox 257 94 345 134; x_wconf 60' lang='lat' dir='ltr'>*frans</span> <span class='ocrx_word' id='word_1_4' title='bbox 356 103 385 144; x_wconf 81' lang='lat' dir='ltr'>rr,</span> <span class='ocrx_word' id='word_1_5' title='bbox 408 102 482 134; x_wconf 80' lang='lat' dir='ltr'>curor</span> <span class='ocrx_word' id='word_1_6' title='bbox 492 102 521 134; x_wconf 77' lang='lat' dir='ltr'>u·</span> <span class='ocrx_word' id='word_1_7' title='bbox 676 90 739 139; x_wconf 56' lang='lat'>‘²179</span> 
     </span>
    </p>
   </div>
   <div class='ocr_carea' id='block_1_2' title="bbox 8 188 777 2222">
    <p class='ocr_par' dir='ltr' id='par_1_2' title="bbox 8 188 777 2222">
     <span class='ocr_line' id='line_1_2' title="bbox 55 188 738 245; baseline -0.003 -11"><span class='ocrx_word' id='word_1_8' title='bbox 55 189 193 234; x_wconf 78' lang='lat' dir='ltr'>subtrahere</span> <span class='ocrx_word' id='word_1_9' title='bbox 211 202 263 232; x_wconf 85' lang='lat' dir='ltr'>suae·</span> <span class='ocrx_word' id='word_1_10' title='bbox 279 189 351 244; x_wconf 72' lang='lat' dir='ltr'>patri,</span> <span class='ocrx_word' id='word_1_11' title='bbox 370 189 423 244; x_wconf 86' lang='lat' dir='ltr'>quia</span> <span class='ocrx_word' id='word_1_12' title='bbox 442 188 534 244; x_wconf 80' lang='lat' dir='ltr'>justitia</span> <span class='ocrx_word' id='word_1_13' title='bbox 553 189 633 245; x_wconf 69' lang='lat' dir='ltr'>exigit,</span> <span class='ocrx_word' id='word_1_14' title='bbox 654 193 679 234; x_wconf 92' lang='lat' dir='ltr'>ut</span> <span class='ocrx_word' id='word_1_15' title='bbox 698 190 738 233; x_wconf 86' lang='lat' dir='ltr'>alii</span> 
     </span>
     <span class='ocr_line' id='line_1_3' title="bbox 55 247 739 305; baseline -0.001 -12"><span class='ocrx_word' id='word_1_16' title='bbox 55 248 188 298; x_wconf 76' lang='lat' dir='ltr'>cohaeredes</span> <span class='ocrx_word' id='word_1_17' title='bbox 208 251 329 292; x_wconf 88' lang='lat' dir='ltr'>serventur</span> <span class='ocrx_word' id='word_1_18' title='bbox 345 247 469 302; x_wconf 81' lang='lat' dir='ltr'>indemnes,</span> <span class='ocrx_word' id='word_1_19' title='bbox 489 252 512 293; x_wconf 88' lang='lat' dir='ltr'>et</span> <span class='ocrx_word' id='word_1_20' title='bbox 529 251 647 305; x_wconf 74' lang='lat' dir='ltr'>aequalitas</span> <span class='ocrx_word' id='word_1_21' title='bbox 668 251 739 292; x_wconf 85' lang='lat' dir='ltr'>redu-</span> 
     </span>
     <span class='ocr_line' id='line_1_4' title="bbox 59 307 739 365; baseline 0 -14"><span class='ocrx_word' id='word_1_22' title='bbox 59 310 131 359; x_wconf 89' lang='lat' dir='ltr'>catur.</span> <span class='ocrx_word' id='word_1_23' title='bbox 144 307 238 365; x_wconf 78' lang='lat' dir='ltr'>Excipe,</span> <span class='ocrx_word' id='word_1_24' title='bbox 255 309 298 351; x_wconf 88' lang='lat' dir='ltr'>nisi</span> <span class='ocrx_word' id='word_1_25' title='bbox 316 307 355 351; x_wconf 87' lang='lat' dir='ltr'>alii</span> <span class='ocrx_word' id='word_1_26' title='bbox 369 309 509 352; x_wconf 86' lang='lat' dir='ltr'>tantumdem</span> <span class='ocrx_word' id='word_1_27' title='bbox 521 308 689 362; x_wconf 78' lang='lat' dir='ltr'>subduxissent,</span> <span class='ocrx_word' id='word_1_28' title='bbox 700 311 739 352; x_wconf 86' lang='lat' dir='ltr'>aut</span> 
     </span>
     <span class='ocr_line' id='line_1_5' title="bbox 58 367 767 425; baseline -0.004 -13"><span class='ocrx_word' id='word_1_29' title='bbox 58 367 194 413; x_wconf 85' lang='lat' dir='ltr'>idscientes</span> <span class='ocrx_word' id='word_1_30' title='bbox 206 382 253 411; x_wconf 45' lang='lat' dir='ltr'>,non</span> <span class='ocrx_word' id='word_1_31' title='bbox 270 367 400 423; x_wconf 73' lang='lat' dir='ltr'>exigerent,</span> <span class='ocrx_word' id='word_1_32' title='bbox 416 368 454 412; x_wconf 88' lang='lat' dir='ltr'>vel</span> <span class='ocrx_word' id='word_1_33' title='bbox 467 368 533 425; x_wconf 83' lang='lat' dir='ltr'>pater</span> <span class='ocrx_word' id='word_1_34' title='bbox 548 369 571 412; x_wconf 87' lang='lat' dir='ltr'>in</span> <span class='ocrx_word' id='word_1_35' title='bbox 584 368 648 412; x_wconf 70' lang='lat' dir='ltr'>rivis</span> <span class='ocrx_word' id='word_1_36' title='bbox 667 367 740 412; x_wconf 86' lang='lat' dir='ltr'>remi·</span> <span class='ocrx_word' id='word_1_37' title='bbox 765 394 767 396; x_wconf 89' lang='lat'><em>-</em></span> 
     </span>
     <span class='ocr_line' id='line_1_6' title="bbox 23 426 748 487; baseline -0.001 -16"><span class='ocrx_word' id='word_1_38' title='bbox 23 442 25 444; x_wconf 68' lang='grc'><strong><em>’</em></strong></span> <span class='ocrx_word' id='word_1_39' title='bbox 57 426 138 482; x_wconf 76' lang='lat' dir='ltr'>sisset,</span> <span class='ocrx_word' id='word_1_40' title='bbox 151 428 186 472; x_wconf 89' lang='lat' dir='ltr'>vel</span> <span class='ocrx_word' id='word_1_41' title='bbox 200 427 295 485; x_wconf 84' lang='lat' dir='ltr'>denique</span> <span class='ocrx_word' id='word_1_42' title='bbox 307 427 368 471; x_wconf 88' lang='lat' dir='ltr'>solus</span> <span class='ocrx_word' id='word_1_43' title='bbox 379 431 439 472; x_wconf 88' lang='lat' dir='ltr'>esset</span> <span class='ocrx_word' id='word_1_44' title='bbox 449 429 534 484; x_wconf 70' lang='lat' dir='ltr'>haeres,</span> <span class='ocrx_word' id='word_1_45' title='bbox 553 442 597 485; x_wconf 82' lang='lat' dir='ltr'>quo</span> <span class='ocrx_word' id='word_1_46' title='bbox 614 441 667 471; x_wconf 87' lang='lat' dir='ltr'>casu</span> <span class='ocrx_word' id='word_1_47' title='bbox 678 429 748 487; x_wconf 82' lang='lat' dir='ltr'>solus¹</span> 
     </span>
     <span class='ocr_line' id='line_1_7' title="bbox 54 488 738 544; baseline -0.004 -13"><span class='ocrx_word' id='word_1_48' title='bbox 54 500 147 544; x_wconf 66' lang='lat' dir='ltr'>duoque</span> <span class='ocrx_word' id='word_1_49' title='bbox 153 490 271 533; x_wconf 86' lang='lat' dir='ltr'>teneretur</span> <span class='ocrx_word' id='word_1_50' title='bbox 278 488 367 532; x_wconf 88' lang='lat' dir='ltr'>solvere</span> <span class='ocrx_word' id='word_1_51' title='bbox 376 488 449 543; x_wconf 87' lang='lat' dir='ltr'>patris</span> <span class='ocrx_word' id='word_1_52' title='bbox 460 488 548 542; x_wconf 78' lang='lat' dir='ltr'>debita,</span> <span class='ocrx_word' id='word_1_53' title='bbox 560 500 688 544; x_wconf 87' lang='lat' dir='ltr'>quanquam</span> <span class='ocrx_word' id='word_1_54' title='bbox 696 499 738 529; x_wconf 90' lang='lat' dir='ltr'>non</span> 
     </span>
     <span class='ocr_line' id='line_1_8' title="bbox 58 546 740 604; baseline -0.003 -15"><span class='ocrx_word' id='word_1_55' title='bbox 58 546 187 591; x_wconf 84' lang='lat' dir='ltr'>ultravires</span> <span class='ocrx_word' id='word_1_56' title='bbox 196 546 345 600; x_wconf 85' lang='lat' dir='ltr'>haereditatis,</span> <span class='ocrx_word' id='word_1_57' title='bbox 356 546 423 604; x_wconf 84' lang='lat' dir='ltr'>idque</span> <span class='ocrx_word' id='word_1_58' title='bbox 432 547 455 591; x_wconf 89' lang='lat' dir='ltr'>iu</span> <span class='ocrx_word' id='word_1_59' title='bbox 465 547 515 592; x_wconf 83' lang='lat' dir='ltr'>foro</span> <span class='ocrx_word' id='word_1_60' title='bbox 523 547 684 601; x_wconf 65' lang='lat' dir='ltr'>eonscientiae,</span> <span class='ocrx_word' id='word_1_61' title='bbox 694 547 740 603; x_wconf 83' lang='lat' dir='ltr'>etsi</span> 
     </span>
     <span class='ocr_line' id='line_1_9' title="bbox 58 606 751 666; baseline 0 -17"><span class='ocrx_word' id='word_1_62' title='bbox 58 606 212 665; x_wconf 71' lang='lat' dir='ltr'>inventarium</span> <span class='ocrx_word' id='word_1_63' title='bbox 225 621 268 650; x_wconf 90' lang='lat' dir='ltr'>nou</span> <span class='ocrx_word' id='word_1_64' title='bbox 279 607 377 650; x_wconf 75' lang='lat' dir='ltr'>fecisset.</span> <span class='ocrx_word' id='word_1_65' title='bbox 391 606 502 651; x_wconf 74' lang='lat' dir='ltr'>Similiter</span> <span class='ocrx_word' id='word_1_66' title='bbox 512 608 535 651; x_wconf 90' lang='lat' dir='ltr'>in</span> <span class='ocrx_word' id='word_1_67' title='bbox 545 606 657 666; x_wconf 81' lang='lat' dir='ltr'>divisione</span> <span class='ocrx_word' id='word_1_68' title='bbox 668 607 751 663; x_wconf 20' lang='lat' dir='ltr'>haere·-</span> 
     </span>
     <span class='ocr_line' id='line_1_10' title="bbox 48 665 740 725; baseline -0.003 -15"><span class='ocrx_word' id='word_1_69' title='bbox 48 665 137 719; x_wconf 63' lang='lat' dir='ltr'>„ditatis</span> <span class='ocrx_word' id='word_1_70' title='bbox 149 667 300 711; x_wconf 84' lang='lat' dir='ltr'>subtrahenda</span> <span class='ocrx_word' id='word_1_71' title='bbox 315 668 375 721; x_wconf 91' lang='lat' dir='ltr'>sunt,</span> <span class='ocrx_word' id='word_1_72' title='bbox 392 680 440 723; x_wconf 82' lang='lat' dir='ltr'>quae</span> <span class='ocrx_word' id='word_1_73' title='bbox 451 669 536 725; x_wconf 83' lang='lat' dir='ltr'>praeter</span> <span class='ocrx_word' id='word_1_74' title='bbox 551 666 680 712; x_wconf 84' lang='lat' dir='ltr'>necessaria</span> <span class='ocrx_word' id='word_1_75' title='bbox 694 666 740 709; x_wconf 88' lang='lat' dir='ltr'>ali-</span> 
     </span>
     <span class='ocr_line' id='line_1_11' title="bbox 57 727 740 784; baseline -0.004 -13"><span class='ocrx_word' id='word_1_76' title='bbox 57 728 136 771; x_wconf 82' lang='lat' dir='ltr'>menta</span> <span class='ocrx_word' id='word_1_77' title='bbox 146 727 273 770; x_wconf 82' lang='lat' dir='ltr'>necessario</span> <span class='ocrx_word' id='word_1_78' title='bbox 285 727 343 783; x_wconf 86' lang='lat' dir='ltr'>proli</span> <span class='ocrx_word' id='word_1_79' title='bbox 358 727 425 771; x_wconf 82' lang='lat' dir='ltr'>alicui</span> <span class='ocrx_word' id='word_1_80' title='bbox 436 732 502 784; x_wconf 83' lang='lat' dir='ltr'>pater</span> <span class='ocrx_word' id='word_1_81' title='bbox 512 728 631 783; x_wconf 78' lang='lat' dir='ltr'>impendit,</span> <span class='ocrx_word' id='word_1_82' title='bbox 645 730 670 769; x_wconf 89' lang='lat' dir='ltr'>ut</span> <span class='ocrx_word' id='word_1_83' title='bbox 687 727 740 768; x_wconf 87' lang='lat' dir='ltr'>suut</span> 
     </span>
     <span class='ocr_line' id='line_1_12' title="bbox 58 785 740 843; baseline -0.003 -13"><span class='ocrx_word' id='word_1_84' title='bbox 58 787 112 830; x_wconf 88' lang='lat' dir='ltr'>data</span> <span class='ocrx_word' id='word_1_85' title='bbox 126 786 150 829; x_wconf 90' lang='lat' dir='ltr'>in</span> <span class='ocrx_word' id='word_1_86' title='bbox 167 787 242 829; x_wconf 89' lang='lat' dir='ltr'>dotem</span> <span class='ocrx_word' id='word_1_87' title='bbox 258 786 285 829; x_wconf 91' lang='lat' dir='ltr'>ob</span> <span class='ocrx_word' id='word_1_88' title='bbox 303 787 401 843; x_wconf 80' lang='lat' dir='ltr'>nuptias,</span> <span class='ocrx_word' id='word_1_89' title='bbox 418 787 516 841; x_wconf 76' lang='lat' dir='ltr'>ordines,</span> <span class='ocrx_word' id='word_1_90' title='bbox 534 787 664 843; x_wconf 80' lang='lat' dir='ltr'>ingressum</span> <span class='ocrx_word' id='word_1_91' title='bbox 682 785 740 828; x_wconf 84' lang='lat' dir='ltr'>reli-</span> 
     </span>
     <span class='ocr_line' id='line_1_13' title="bbox 49 845 740 903; baseline 0 -15"><span class='ocrx_word' id='word_1_92' title='bbox 49 845 141 902; x_wconf 70' lang='lat' dir='ltr'>gionis,</span> <span class='ocrx_word' id='word_1_93' title='bbox 151 859 192 903; x_wconf 88' lang='lat' dir='ltr'>per</span> <span class='ocrx_word' id='word_1_94' title='bbox 199 846 369 903; x_wconf 76' lang='lat' dir='ltr'>professionem,</span> <span class='ocrx_word' id='word_1_95' title='bbox 382 848 410 890; x_wconf 86' lang='lat' dir='ltr'>ad</span> <span class='ocrx_word' id='word_1_96' title='bbox 418 846 559 891; x_wconf 85' lang='lat' dir='ltr'>liberandum</span> <span class='ocrx_word' id='word_1_97' title='bbox 568 847 639 891; x_wconf 83' lang='lat' dir='ltr'>filium</span> <span class='ocrx_word' id='word_1_98' title='bbox 653 859 681 889; x_wconf 83' lang='lat' dir='ltr'>ex</span> <span class='ocrx_word' id='word_1_99' title='bbox 690 858 740 889; x_wconf 88' lang='lat' dir='ltr'>ear·</span> 
     </span>
     <span class='ocr_line' id='line_1_14' title="bbox 58 906 738 964; baseline -0.003 -14"><span class='ocrx_word' id='word_1_100' title='bbox 58 919 119 962; x_wconf 90' lang='lat' dir='ltr'>cere,</span> <span class='ocrx_word' id='word_1_101' title='bbox 131 906 154 951; x_wconf 86' lang='lat' dir='ltr'>iu</span> <span class='ocrx_word' id='word_1_102' title='bbox 165 920 231 963; x_wconf 90' lang='lat' dir='ltr'>quem</span> <span class='ocrx_word' id='word_1_103' title='bbox 242 906 270 950; x_wconf 86' lang='lat' dir='ltr'>ob</span> <span class='ocrx_word' id='word_1_104' title='bbox 285 906 392 952; x_wconf 81' lang='lat' dir='ltr'>delictum</span> <span class='ocrx_word' id='word_1_105' title='bbox 408 907 523 964; x_wconf 83' lang='lat' dir='ltr'>conjectus</span> <span class='ocrx_word' id='word_1_106' title='bbox 538 907 594 962; x_wconf 83' lang='lat' dir='ltr'>fuit3</span> <span class='ocrx_word' id='word_1_107' title='bbox 610 906 655 951; x_wconf 88' lang='lat' dir='ltr'>nisi</span> <span class='ocrx_word' id='word_1_108' title='bbox 671 908 738 964; x_wconf 89' lang='lat' dir='ltr'>pater</span> 
     </span>
     <span class='ocr_line' id='line_1_15' title="bbox 58 965 738 1023; baseline -0.006 -12"><span class='ocrx_word' id='word_1_109' title='bbox 58 968 206 1023; x_wconf 79' lang='lat' dir='ltr'>expresserit,</span> <span class='ocrx_word' id='word_1_110' title='bbox 223 981 267 1010; x_wconf 89' lang='lat' dir='ltr'>non</span> <span class='ocrx_word' id='word_1_111' title='bbox 286 966 336 1011; x_wconf 82' lang='lat' dir='ltr'>esse</span> <span class='ocrx_word' id='word_1_112' title='bbox 354 968 514 1012; x_wconf 85' lang='lat' dir='ltr'>subtrahenda.</span> <span class='ocrx_word' id='word_1_113' title='bbox 535 968 605 1010; x_wconf 82' lang='lat' dir='ltr'>Ratio</span> <span class='ocrx_word' id='word_1_114' title='bbox 623 970 666 1018; x_wconf 88' lang='lat' dir='ltr'>est,</span> <span class='ocrx_word' id='word_1_115' title='bbox 685 965 738 1020; x_wconf 84' lang='lat' dir='ltr'>quie</span> 
     </span>
     <span class='ocr_line' id='line_1_16' title="bbox 50 1025 738 1082; baseline -0.003 -14"><span class='ocrx_word' id='word_1_116' title='bbox 50 1030 125 1082; x_wconf 54' lang='lat' dir='ltr'>‘pater</span> <span class='ocrx_word' id='word_1_117' title='bbox 135 1030 240 1070; x_wconf 86' lang='lat' dir='ltr'>censetur</span> <span class='ocrx_word' id='word_1_118' title='bbox 245 1027 290 1069; x_wconf 88' lang='lat' dir='ltr'>ista</span> <span class='ocrx_word' id='word_1_119' title='bbox 299 1026 395 1079; x_wconf 87' lang='lat' dir='ltr'>dedisse,</span> <span class='ocrx_word' id='word_1_120' title='bbox 405 1026 458 1082; x_wconf 82' lang='lat' dir='ltr'>quia</span> <span class='ocrx_word' id='word_1_121' title='bbox 468 1025 554 1079; x_wconf 85' lang='lat' dir='ltr'>debuit,</span> <span class='ocrx_word' id='word_1_122' title='bbox 564 1029 588 1070; x_wconf 91' lang='lat' dir='ltr'>et</span> <span class='ocrx_word' id='word_1_123' title='bbox 597 1027 624 1071; x_wconf 92' lang='lat' dir='ltr'>de</span> <span class='ocrx_word' id='word_1_124' title='bbox 634 1026 738 1081; x_wconf 86' lang='lat' dir='ltr'>portione</span> 
     </span>
     <span class='ocr_line' id='line_1_17' title="bbox 56 1085 739 1142; baseline -0.004 -13"><span class='ocrx_word' id='word_1_125' title='bbox 56 1085 140 1142; x_wconf 62' lang='lat' dir='ltr'>=prolis3</span> <span class='ocrx_word' id='word_1_126' title='bbox 153 1085 207 1129; x_wconf 85' lang='lat' dir='ltr'>data</span> <span class='ocrx_word' id='word_1_127' title='bbox 218 1099 272 1128; x_wconf 85' lang='lat' dir='ltr'>vero</span> <span class='ocrx_word' id='word_1_128' title='bbox 284 1098 326 1141; x_wconf 85' lang='lat' dir='ltr'>pro</span> <span class='ocrx_word' id='word_1_129' title='bbox 340 1086 455 1130; x_wconf 84' lang='lat' dir='ltr'>alimentis</span> <span class='ocrx_word' id='word_1_130' title='bbox 469 1086 492 1129; x_wconf 93' lang='lat' dir='ltr'>iu</span> <span class='ocrx_word' id='word_1_131' title='bbox 504 1085 595 1139; x_wconf 87' lang='lat' dir='ltr'>studiis,</span> <span class='ocrx_word' id='word_1_132' title='bbox 609 1099 650 1141; x_wconf 89' lang='lat' dir='ltr'>pro</span> <span class='ocrx_word' id='word_1_133' title='bbox 661 1085 739 1128; x_wconf 84' lang='lat' dir='ltr'>addis-</span> 
     </span>
     <span class='ocr_line' id='line_1_18' title="bbox 58 1144 739 1202; baseline -0.003 -14"><span class='ocrx_word' id='word_1_134' title='bbox 58 1145 129 1190; x_wconf 88' lang='lat' dir='ltr'>cenda</span> <span class='ocrx_word' id='word_1_135' title='bbox 136 1147 173 1188; x_wconf 83' lang='lat' dir='ltr'>vel</span> <span class='ocrx_word' id='word_1_136' title='bbox 183 1145 309 1202; x_wconf 84' lang='lat' dir='ltr'>profitenda</span> <span class='ocrx_word' id='word_1_137' title='bbox 317 1149 367 1189; x_wconf 83' lang='lat' dir='ltr'>arte</span> <span class='ocrx_word' id='word_1_138' title='bbox 377 1145 421 1190; x_wconf 87' lang='lat' dir='ltr'>etsi</span> <span class='ocrx_word' id='word_1_139' title='bbox 429 1146 569 1198; x_wconf 88' lang='lat' dir='ltr'>mechanica,</span> <span class='ocrx_word' id='word_1_140' title='bbox 581 1159 622 1202; x_wconf 90' lang='lat' dir='ltr'>pro</span> <span class='ocrx_word' id='word_1_141' title='bbox 633 1144 739 1188; x_wconf 86' lang='lat' dir='ltr'>convivio</span> 
     </span>
     <span class='ocr_line' id='line_1_19' title="bbox 50 1203 741 1264; baseline -0.003 -15"><span class='ocrx_word' id='word_1_142' title='bbox 50 1205 183 1259; x_wconf 74' lang='lat' dir='ltr'>jooctorali,</span> <span class='ocrx_word' id='word_1_143' title='bbox 202 1205 240 1248; x_wconf 86' lang='lat' dir='ltr'>vel</span> <span class='ocrx_word' id='word_1_144' title='bbox 259 1205 363 1262; x_wconf 84' lang='lat' dir='ltr'>nuptiali,</span> <span class='ocrx_word' id='word_1_145' title='bbox 383 1205 406 1248; x_wconf 90' lang='lat' dir='ltr'>iu</span> <span class='ocrx_word' id='word_1_146' title='bbox 426 1207 500 1263; x_wconf 81' lang='lat' dir='ltr'>prima</span> <span class='ocrx_word' id='word_1_147' title='bbox 514 1206 595 1260; x_wconf 86' lang='lat' dir='ltr'>Missa,</span> <span class='ocrx_word' id='word_1_148' title='bbox 614 1204 688 1262; x_wconf 87' lang='lat' dir='ltr'>primo</span> <span class='ocrx_word' id='word_1_149' title='bbox 703 1203 741 1264; x_wconf 90' lang='lat' dir='ltr'>in-</span> 
     </span>
     <span class='ocr_line' id='line_1_20' title="bbox 59 1264 740 1322; baseline 0 -15"><span class='ocrx_word' id='word_1_150' title='bbox 59 1265 174 1322; x_wconf 78' lang='lat' dir='ltr'>gressuin</span> <span class='ocrx_word' id='word_1_151' title='bbox 185 1264 337 1322; x_wconf 78' lang='lat' dir='ltr'>Religionem,</span> <span class='ocrx_word' id='word_1_152' title='bbox 354 1266 493 1310; x_wconf 86' lang='lat' dir='ltr'>reducuntur</span> <span class='ocrx_word' id='word_1_153' title='bbox 506 1267 534 1310; x_wconf 86' lang='lat' dir='ltr'>ad</span> <span class='ocrx_word' id='word_1_154' title='bbox 551 1266 673 1320; x_wconf 75' lang='lat' dir='ltr'>alimenta,</span> <span class='ocrx_word' id='word_1_155' title='bbox 688 1264 740 1321; x_wconf 84' lang='lat' dir='ltr'>quia</span> 
     </span>
     <span class='ocr_line' id='line_1_21' title="bbox 58 1325 740 1381; baseline -0.003 -14"><span class='ocrx_word' id='word_1_156' title='bbox 58 1326 108 1369; x_wconf 86' lang='lat' dir='ltr'>haee</span> <span class='ocrx_word' id='word_1_157' title='bbox 119 1326 222 1381; x_wconf 74' lang='lat' dir='ltr'>spectant</span> <span class='ocrx_word' id='word_1_158' title='bbox 233 1325 261 1368; x_wconf 85' lang='lat' dir='ltr'>ad</span> <span class='ocrx_word' id='word_1_159' title='bbox 272 1326 388 1369; x_wconf 83' lang='lat' dir='ltr'>decentem</span> <span class='ocrx_word' id='word_1_160' title='bbox 397 1326 586 1370; x_wconf 80' lang='lat' dir='ltr'>sustentationem</span> <span class='ocrx_word' id='word_1_161' title='bbox 598 1328 621 1368; x_wconf 83' lang='lat' dir='ltr'>et</span> <span class='ocrx_word' id='word_1_162' title='bbox 632 1326 740 1367; x_wconf 85' lang='lat' dir='ltr'>honorem</span> 
     </span>
     <span class='ocr_line' id='line_1_22' title="bbox 51 1383 644 1443; baseline 0.002 -17"><span class='ocrx_word' id='word_1_163' title='bbox 51 1384 131 1440; x_wconf 28' lang='lat' dir='ltr'>,patris</span> <span class='ocrx_word' id='word_1_164' title='bbox 143 1383 185 1443; x_wconf 84' lang='lat'>(1)</span> <span class='ocrx_word' id='word_1_165' title='bbox 641 1416 644 1422; x_wconf 82' lang='lat'><em>-</em></span> 
     </span>
     <span class='ocr_line' id='line_1_23' title="bbox 55 1443 740 1503; baseline 0 -17"><span class='ocrx_word' id='word_1_166' title='bbox 55 1490 57 1495; x_wconf 44' lang='lat'>,</span> <span class='ocrx_word' id='word_1_167' title='bbox 90 1445 141 1488; x_wconf 79' lang='grc'>147,</span> <span class='ocrx_word' id='word_1_168' title='bbox 154 1469 185 1477; x_wconf 88' lang='lat'>-</span> <span class='ocrx_word' id='word_1_169' title='bbox 198 1445 220 1489; x_wconf 84' lang='lat'>1.</span> <span class='ocrx_word' id='word_1_170' title='bbox 244 1444 268 1489; x_wconf 84' lang='lat' dir='ltr'>si</span> <span class='ocrx_word' id='word_1_171' title='bbox 287 1444 348 1488; x_wconf 87' lang='lat' dir='ltr'>filius</span> <span class='ocrx_word' id='word_1_172' title='bbox 370 1443 440 1503; x_wconf 89' lang='lat' dir='ltr'>(idem</span> <span class='ocrx_word' id='word_1_173' title='bbox 458 1448 494 1489; x_wconf 89' lang='lat' dir='ltr'>est</span> <span class='ocrx_word' id='word_1_174' title='bbox 512 1444 540 1489; x_wconf 84' lang='lat' dir='ltr'>de</span> <span class='ocrx_word' id='word_1_175' title='bbox 558 1443 614 1502; x_wconf 86' lang='lat' dir='ltr'>filia)</span> <span class='ocrx_word' id='word_1_176' title='bbox 626 1456 650 1487; x_wconf 89' lang='lat' dir='ltr'>se</span> <span class='ocrx_word' id='word_1_177' title='bbox 672 1456 740 1487; x_wconf 89' lang='lat' dir='ltr'>accu-</span> 
     </span>
     <span class='ocr_line' id='line_1_24' title="bbox 59 1502 740 1563; baseline -0.006 -14"><span class='ocrx_word' id='word_1_178' title='bbox 59 1504 117 1549; x_wconf 87' lang='lat' dir='ltr'>sarit</span> <span class='ocrx_word' id='word_1_179' title='bbox 130 1505 157 1548; x_wconf 88' lang='lat' dir='ltr'>de</span> <span class='ocrx_word' id='word_1_180' title='bbox 173 1504 325 1549; x_wconf 85' lang='lat' dir='ltr'>inobedientia</span> <span class='ocrx_word' id='word_1_181' title='bbox 342 1517 398 1561; x_wconf 78' lang='lat' dir='ltr'>erga</span> <span class='ocrx_word' id='word_1_182' title='bbox 412 1507 527 1563; x_wconf 88' lang='lat' dir='ltr'>parentes,</span> <span class='ocrx_word' id='word_1_183' title='bbox 546 1504 635 1549; x_wconf 87' lang='lat' dir='ltr'>dicatur</span> <span class='ocrx_word' id='word_1_184' title='bbox 650 1502 694 1557; x_wconf 87' lang='lat' dir='ltr'>illi,</span> <span class='ocrx_word' id='word_1_185' title='bbox 715 1505 740 1546; x_wconf 92' lang='lat' dir='ltr'>ut</span> 
     </span>
     <span class='ocr_line' id='line_1_25' title="bbox 8 1562 738 1621; baseline -0.005 -13"><span class='ocrx_word' id='word_1_186' title='bbox 8 1574 22 1587; x_wconf 80' lang='lat'>&#39;·</span> <span class='ocrx_word' id='word_1_187' title='bbox 58 1564 196 1618; x_wconf 88' lang='lat' dir='ltr'>meminerit,</span> <span class='ocrx_word' id='word_1_188' title='bbox 212 1569 296 1621; x_wconf 87' lang='lat' dir='ltr'>quanta</span> <span class='ocrx_word' id='word_1_189' title='bbox 313 1565 417 1617; x_wconf 89' lang='lat' dir='ltr'>tulerint,</span> <span class='ocrx_word' id='word_1_190' title='bbox 435 1565 575 1620; x_wconf 81' lang='lat' dir='ltr'>fecerintque</span> <span class='ocrx_word' id='word_1_191' title='bbox 592 1577 633 1619; x_wconf 88' lang='lat' dir='ltr'>pro</span> <span class='ocrx_word' id='word_1_192' title='bbox 650 1562 738 1616; x_wconf 86' lang='lat' dir='ltr'>liberis,</span> 
     </span>
     <span class='ocr_line' id='line_1_26' title="bbox 59 1623 739 1681; baseline 0 -15"><span class='ocrx_word' id='word_1_193' title='bbox 59 1631 114 1679; x_wconf 89' lang='lat' dir='ltr'>quot</span> <span class='ocrx_word' id='word_1_194' title='bbox 129 1626 206 1667; x_wconf 77' lang='lat' dir='ltr'>nostes</span> <span class='ocrx_word' id='word_1_195' title='bbox 216 1625 323 1668; x_wconf 78' lang='lat' dir='ltr'>duxerint</span> <span class='ocrx_word' id='word_1_196' title='bbox 335 1624 457 1678; x_wconf 86' lang='lat' dir='ltr'>insomnes,</span> <span class='ocrx_word' id='word_1_197' title='bbox 473 1626 528 1681; x_wconf 83' lang='lat' dir='ltr'>quot</span> <span class='ocrx_word' id='word_1_198' title='bbox 538 1623 655 1667; x_wconf 86' lang='lat' dir='ltr'>molestias</span> <span class='ocrx_word' id='word_1_199' title='bbox 667 1623 739 1666; x_wconf 85' lang='lat' dir='ltr'>adhue</span> 
     </span>
     <span class='ocr_line' id='line_1_27' title="bbox 59 1682 739 1742; baseline -0.004 -14"><span class='ocrx_word' id='word_1_200' title='bbox 59 1683 194 1738; x_wconf 83' lang='lat' dir='ltr'>sustineant,</span> <span class='ocrx_word' id='word_1_201' title='bbox 213 1686 240 1727; x_wconf 90' lang='lat' dir='ltr'>ut</span> <span class='ocrx_word' id='word_1_202' title='bbox 254 1697 292 1728; x_wconf 92' lang='lat' dir='ltr'>eos</span> <span class='ocrx_word' id='word_1_203' title='bbox 309 1685 403 1728; x_wconf 87' lang='lat' dir='ltr'>honeste</span> <span class='ocrx_word' id='word_1_204' title='bbox 421 1685 492 1738; x_wconf 87' lang='lat' dir='ltr'>alant,</span> <span class='ocrx_word' id='word_1_205' title='bbox 508 1684 581 1742; x_wconf 82' lang='lat' dir='ltr'>iisque</span> <span class='ocrx_word' id='word_1_206' title='bbox 598 1682 739 1727; x_wconf 84' lang='lat' dir='ltr'>infuturum</span> 
     </span>
     <span class='ocr_line' id='line_1_28' title="bbox 38 1743 742 1801; baseline -0.004 -13"><span class='ocrx_word' id='word_1_207' title='bbox 38 1791 39 1794; x_wconf 56' lang='grc'>,</span> <span class='ocrx_word' id='word_1_208' title='bbox 58 1744 205 1801; x_wconf 79' lang='lat' dir='ltr'>prouideaut3</span> <span class='ocrx_word' id='word_1_209' title='bbox 216 1743 333 1800; x_wconf 81' lang='lat' dir='ltr'>indignum</span> <span class='ocrx_word' id='word_1_210' title='bbox 344 1758 393 1788; x_wconf 86' lang='lat' dir='ltr'>esse</span> <span class='ocrx_word' id='word_1_211' title='bbox 406 1758 443 1789; x_wconf 84' lang='lat' dir='ltr'>eas</span> <span class='ocrx_word' id='word_1_212' title='bbox 453 1745 532 1800; x_wconf 77' lang='lat' dir='ltr'>augeri</span> <span class='ocrx_word' id='word_1_213' title='bbox 544 1758 557 1787; x_wconf 88' lang='lat' dir='ltr'>a</span> <span class='ocrx_word' id='word_1_214' title='bbox 567 1744 655 1796; x_wconf 87' lang='lat' dir='ltr'>liberis,</span> <span class='ocrx_word' id='word_1_215' title='bbox 669 1743 742 1798; x_wconf 84' lang='lat' dir='ltr'>aqui-</span> 
     </span>
     <span class='ocr_line' id='line_1_29' title="bbox 58 1803 763 1863; baseline -0.004 -14"><span class='ocrx_word' id='word_1_216' title='bbox 58 1805 101 1849; x_wconf 87' lang='lat' dir='ltr'>bus</span> <span class='ocrx_word' id='word_1_217' title='bbox 111 1817 169 1848; x_wconf 88' lang='lat' dir='ltr'>uunc</span> <span class='ocrx_word' id='word_1_218' title='bbox 184 1803 294 1848; x_wconf 83' lang='lat' dir='ltr'>auxilium</span> <span class='ocrx_word' id='word_1_219' title='bbox 305 1806 328 1847; x_wconf 86' lang='lat' dir='ltr'>et</span> <span class='ocrx_word' id='word_1_220' title='bbox 343 1805 448 1849; x_wconf 90' lang='lat' dir='ltr'>solatium</span> <span class='ocrx_word' id='word_1_221' title='bbox 465 1806 607 1863; x_wconf 81' lang='lat' dir='ltr'>exspectant.</span> <span class='ocrx_word' id='word_1_222' title='bbox 624 1803 741 1859; x_wconf 82' lang='lat' dir='ltr'>Numquid</span> <span class='ocrx_word' id='word_1_223' title='bbox 762 1858 763 1862; x_wconf 10' lang='grc' dir='ltr'><strong>Ἰ</strong></span> 
     </span>
     <span class='ocr_line' id='line_1_30' title="bbox 58 1863 777 1922; baseline -0.003 -14"><span class='ocrx_word' id='word_1_224' title='bbox 58 1865 95 1913; x_wconf 72' lang='lat' dir='ltr'>ris</span> <span class='ocrx_word' id='word_1_225' title='bbox 114 1867 250 1908; x_wconf 85' lang='lat' dir='ltr'>manducare</span> <span class='ocrx_word' id='word_1_226' title='bbox 266 1876 320 1907; x_wconf 51' lang='lat' dir='ltr'>¹cum</span> <span class='ocrx_word' id='word_1_227' title='bbox 336 1865 483 1921; x_wconf 68' lang='lat' dir='ltr'>parentibus?</span> <span class='ocrx_word' id='word_1_228' title='bbox 503 1863 619 1922; x_wconf 85' lang='lat' dir='ltr'>Numquid</span> <span class='ocrx_word' id='word_1_229' title='bbox 637 1864 673 1907; x_wconf 86' lang='lat' dir='ltr'>vis</span> <span class='ocrx_word' id='word_1_230' title='bbox 691 1875 740 1907; x_wconf 84' lang='lat' dir='ltr'>esse</span> <span class='ocrx_word' id='word_1_231' title='bbox 770 1910 777 1917; x_wconf 7' lang='grc' dir='ltr'>Ἰ,</span> 
     </span>
     <span class='ocr_line' id='line_1_31' title="bbox 58 1923 740 1982; baseline -0.003 -13"><span class='ocrx_word' id='word_1_232' title='bbox 58 1925 133 1970; x_wconf 85' lang='lat' dir='ltr'>haeres</span> <span class='ocrx_word' id='word_1_233' title='bbox 146 1923 238 1969; x_wconf 75' lang='lat' dir='ltr'>eorumt</span> <span class='ocrx_word' id='word_1_234' title='bbox 250 1924 285 1969; x_wconf 83' lang='lat' dir='ltr'>An</span> <span class='ocrx_word' id='word_1_235' title='bbox 297 1937 351 1980; x_wconf 69' lang='lat' dir='ltr'>ergo</span> <span class='ocrx_word' id='word_1_236' title='bbox 372 1939 417 1969; x_wconf 92' lang='lat' dir='ltr'>non</span> <span class='ocrx_word' id='word_1_237' title='bbox 430 1926 520 1982; x_wconf 84' lang='lat' dir='ltr'>decens,</span> <span class='ocrx_word' id='word_1_238' title='bbox 533 1928 558 1969; x_wconf 88' lang='lat' dir='ltr'>ut</span> <span class='ocrx_word' id='word_1_239' title='bbox 572 1923 640 1970; x_wconf 90' lang='lat' dir='ltr'>simul</span> <span class='ocrx_word' id='word_1_240' title='bbox 651 1925 740 1968; x_wconf 89' lang='lat' dir='ltr'>labores</span> 
     </span>
     <span class='ocr_line' id='line_1_32' title="bbox 59 1983 739 2042; baseline -0.003 -13"><span class='ocrx_word' id='word_1_241' title='bbox 59 1988 83 2030; x_wconf 91' lang='lat' dir='ltr'>et</span> <span class='ocrx_word' id='word_1_242' title='bbox 94 1985 250 2041; x_wconf 70' lang='lat' dir='ltr'>obtemperes?</span> <span class='ocrx_word' id='word_1_243' title='bbox 261 1986 354 2029; x_wconf 84' lang='lat' dir='ltr'>Mandat</span> <span class='ocrx_word' id='word_1_244' title='bbox 372 1986 440 2038; x_wconf 89' lang='lat' dir='ltr'>Deus,</span> <span class='ocrx_word' id='word_1_245' title='bbox 458 1988 484 2030; x_wconf 89' lang='lat' dir='ltr'>ut</span> <span class='ocrx_word' id='word_1_246' title='bbox 499 1985 632 2042; x_wconf 86' lang='lat' dir='ltr'>parentibus</span> <span class='ocrx_word' id='word_1_247' title='bbox 648 1983 739 2027; x_wconf 88' lang='lat' dir='ltr'>obedias</span> 
     </span>
     <span class='ocr_line' id='line_1_33' title="bbox 59 2044 740 2100; baseline -0.007 -12"><span class='ocrx_word' id='word_1_248' title='bbox 59 2045 118 2088; x_wconf 81' lang='lat' dir='ltr'>sitis</span> <span class='ocrx_word' id='word_1_249' title='bbox 129 2046 160 2089; x_wconf 86' lang='lat' dir='ltr'>sis</span> <span class='ocrx_word' id='word_1_250' title='bbox 171 2045 309 2097; x_wconf 87' lang='lat' dir='ltr'>inobediens,</span> <span class='ocrx_word' id='word_1_251' title='bbox 319 2045 366 2087; x_wconf 89' lang='lat' dir='ltr'>Deo</span> <span class='ocrx_word' id='word_1_252' title='bbox 377 2057 401 2089; x_wconf 89' lang='lat' dir='ltr'>es</span> <span class='ocrx_word' id='word_1_253' title='bbox 409 2044 540 2089; x_wconf 87' lang='lat' dir='ltr'>inobediens</span> <span class='ocrx_word' id='word_1_254' title='bbox 548 2045 674 2100; x_wconf 88' lang='lat' dir='ltr'>;.quomodo</span> <span class='ocrx_word' id='word_1_255' title='bbox 686 2055 740 2097; x_wconf 80' lang='lat' dir='ltr'>crgo</span> 
     </span>
     <span class='ocr_line' id='line_1_34' title="bbox 58 2102 741 2159; baseline -0.006 -12"><span class='ocrx_word' id='word_1_256' title='bbox 58 2105 86 2147; x_wconf 89' lang='lat' dir='ltr'>ab</span> <span class='ocrx_word' id='word_1_257' title='bbox 98 2119 124 2147; x_wconf 90' lang='lat' dir='ltr'>eo</span> <span class='ocrx_word' id='word_1_258' title='bbox 134 2105 311 2150; x_wconf 85' lang='lat' dir='ltr'>benedictionem</span> <span class='ocrx_word' id='word_1_259' title='bbox 322 2102 479 2159; x_wconf 66' lang='lat' dir='ltr'>exspectamur</span> <span class='ocrx_word' id='word_1_260' title='bbox 488 2104 511 2148; x_wconf 77' lang='lat'>2.</span> <span class='ocrx_word' id='word_1_261' title='bbox 523 2103 548 2149; x_wconf 79' lang='lat' dir='ltr'>Si</span> <span class='ocrx_word' id='word_1_262' title='bbox 558 2103 662 2159; x_wconf 81' lang='lat' dir='ltr'>graviter</span> <span class='ocrx_word' id='word_1_263' title='bbox 673 2102 741 2146; x_wconf 85' lang='lat' dir='ltr'>offen-</span> 
     </span>
     <span class='ocr_line' id='line_1_35' title="bbox 59 2162 740 2222; baseline -0.004 -15"><span class='ocrx_word' id='word_1_264' title='bbox 59 2164 130 2208; x_wconf 80' lang='lat' dir='ltr'>disset</span> <span class='ocrx_word' id='word_1_265' title='bbox 145 2169 250 2222; x_wconf 86' lang='lat' dir='ltr'>parentes</span> <span class='ocrx_word' id='word_1_266' title='bbox 267 2177 307 2210; x_wconf 85' lang='lat' dir='ltr'>sua</span> <span class='ocrx_word' id='word_1_267' title='bbox 318 2162 470 2209; x_wconf 85' lang='lat' dir='ltr'>inobedientia</span> <span class='ocrx_word' id='word_1_268' title='bbox 484 2167 524 2209; x_wconf 87' lang='lat' dir='ltr'>aut</span> <span class='ocrx_word' id='word_1_269' title='bbox 533 2177 617 2209; x_wconf 55' lang='lat' dir='ltr'>‘eorum</span> <span class='ocrx_word' id='word_1_270' title='bbox 631 2163 740 2208; x_wconf 90' lang='lat' dir='ltr'>honorem</span> 
     </span>
    </p>
   </div>
   <div class='ocr_carea' id='block_1_3' title="bbox 83 2297 354 2344">
    <p class='ocr_par' dir='ltr' id='par_1_3' title="bbox 83 2297 354 2344">
     <span class='ocr_line' id='line_1_36' title="bbox 83 2297 354 2344; baseline 0.011 -13"><span class='ocrx_word' id='word_1_271' title='bbox 83 2297 105 2344; x_wconf 76' lang='lat' dir='ltr'>(l)</span> <span class='ocrx_word' id='word_1_272' title='bbox 116 2298 139 2332; x_wconf 86' lang='lat' dir='ltr'>Cf.</span> <span class='ocrx_word' id='word_1_273' title='bbox 150 2299 167 2333; x_wconf 85' lang='lat' dir='ltr'>S.</span> <span class='ocrx_word' id='word_1_274' title='bbox 179 2299 231 2344; x_wconf 83' lang='lat' dir='ltr'>Alph.</span> <span class='ocrx_word' id='word_1_275' title='bbox 240 2300 258 2344; x_wconf 79' lang='lat' dir='ltr'>d,</span> <span class='ocrx_word' id='word_1_276' title='bbox 267 2297 354 2336; x_wconf 70' lang='lat' dir='ltr'>tit-959.</span> 
     </span>
    </p>
   </div>
   <div class='ocr_carea' id='block_1_4' title="bbox 0 0 795 2464">
    <p class='ocr_par' dir='ltr' id='par_1_4' title="bbox 0 0 795 2464">
     <span class='ocr_line' id='line_1_37' title="bbox 0 0 795 2464; baseline 0 0"><span class='ocrx_word' id='word_1_277' title='bbox 0 0 795 2464; x_wconf 95' lang='lat' dir='ltr'> </span> 
     </span>
    </p>
   </div>
  </div>
 </body>
</html>
