1577 2464
42 26 87 73 106
124 40 359 74 uno-eournssuams
375 40 488 79 aaronica
503 29 650 85 inserueras,
737 14 739 16 ’

42 126 86 173 hoc
97 129 141 182 est,
154 130 255 185 spectato
272 127 368 184 objecto,
382 126 436 184 quia
446 127 517 171 nimia
527 126 628 183 foeditas,
641 128 664 171 et
673 139 728 184 per-

44 188 146 232 versitas
162 188 185 231 in
202 202 228 232 eo
245 191 348 245 apparet,
367 187 400 231 ita
415 189 440 230 ut
455 189 538 230 natura
552 188 674 230 exhorreat
685 200 729 232 au-

45 247 138 293 dientis,
154 248 177 292 7.
190 248 216 292 Si
231 247 291 291 filius
303 246 425 290 maledicat
440 246 538 302 parenti,
551 246 589 289 vel
600 260 643 291 avo
657 246 702 291 inf
715 270 729 280 -

46 308 113 362 ciem,
125 310 204 365 peccat
221 306 324 363 graviter
334 306 405 351 etiam
419 310 498 350 contra
509 307 618 363 pietatem
630 305 673 365 (1),
685 307 730 351 etsi

45 368 116 413 faciat
128 368 175 412 sine
185 367 268 422 animo,
278 369 304 411 ut
314 367 413 411 eveniat.
423 366 485 411 Idem
495 369 538 421 est,
549 367 568 411 si
578 366 619 411 fiat
628 367 666 422 iis,
673 380 731 424 quos

45 428 96 485 quis
107 429 156 471 ioco
168 433 287 484 parentum
297 428 381 471 habere
393 427 467 480 debet,
478 427 516 470 vei
527 428 640 484 superiori
651 440 665 469 a
674 428 730 470 suh-

46 489 102 532 dito.
113 489 180 539 Item,
196 500 237 543 per
251 499 275 531 se
290 487 410 543 loquendo,
423 486 443 530 si
454 486 544 543 conjugi
562 487 690 544 aeoniuge.
705 486 731 531 si

45 561 102 592 vero
113 546 189 601 fratri,
200 546 238 589 vel
250 547 324 590 sorori
340 560 353 590 a
363 545 444 601 fratre,
457 548 517 603 saepe
530 560 575 590 non
586 547 630 590 nisi
641 546 731 590 veniale

47 610 83 652 est
94 610 172 650 contra
187 608 304 662 pietatem,
320 606 365 650 etsi
381 606 479 650 mortale
495 613 574 650 contra
585 606 729 661 charitatem,

46 667 67 712 si
77 681 106 711 ex
117 666 192 710 animo
204 666 254 722 fiat,
265 680 315 711 esse
326 667 406 723 possit,
420 667 442 711 8.
458 667 494 710 Ex
504 667 540 710 ira
551 666 667 710 nominare
680 667 732 710 dia·

45 726 124 772 hoium
138 726 186 770 sine
201 726 373 783 imprecatione,
389 740 470 783 parum
485 728 549 771 decet
566 727 730 781 Christianum,

48 791 72 831 et
83 789 159 842 posset
168 799 218 829 esse
230 799 301 843 grave
312 786 402 830 ratione
412 786 522 841 scandali,
535 786 555 831 si
564 787 631 831 abeat
641 786 665 830 in
676 799 732 830 oon-

48 847 200 892 suetudiuem.
217 845 240 891 9.
255 846 418 905 imprecantes,
436 846 480 890 etsi
494 860 555 903 saepe
571 849 708 891 excusentur
719 860 733 889 a

48 906 116 964 gravi
137 906 204 962 culpa
225 909 319 963 propter
336 906 537 960 inadvertentiam,
561 906 599 949 vel
620 906 733 951 defectum

49 966 116 1011 seriae
127 966 263 1021 voluntatis,
271 965 551 1022 etverhisimpreeatoriis
561 967 655 1009 utantur
663 979 733 1021 quan-

50 1029 123 1082 doque
134 1028 225 1070 tantum
235 1026 300 1070 velut
309 1026 505 1081 interjectionibus
522 1027 550 1069 ad
561 1026 733 1082 significandam

50 1087 118 1138 iram,
131 1086 169 1128 vei
185 1086 215 1129 ad
225 1086 356 1130 terrendum
370 1086 435 1140 aiios,
448 1089 500 1129 sunt
511 1089 587 1129 tamen
599 1085 734 1129 dehortandi

51 1147 79 1189 ob
93 1145 253 1189 indecentiam.
264 1146 312 1188 Imo
323 1149 429 1202 parentes
438 1145 517 1188 liberis
526 1146 572 1189 suis
584 1145 735 1201 praesentibus
763 1156 765 1159 ’

51 1208 158 1249 oretenus
172 1205 254 1261 gravia
268 1206 336 1259 mala,
357 1206 400 1249 etsi
417 1204 464 1248 sine
476 1205 560 1260 auimo,
573 1207 601 1249 ut
618 1205 733 1260 eveniant,

51 1279 122 1321 saepe,
139 1267 163 1309 et
173 1266 238 1320 quasi
253 1279 294 1321 per
308 1265 492 1309 consuetudinem
507 1266 667 1322 imprecantes,
679 1279 735 1322 pec-

51 1324 734 1382 cantgraviter,sinonemendentconsuetudinemiilam(2),

51 1386 106 1442 quia
124 1399 164 1428 suo
182 1386 286 1441 exemplo
303 1387 383 1429 docent
393 1385 445 1428 ilios
462 1385 504 1428 sihi
520 1384 627 1440 invicem,
645 1386 668 1430 11
684 1385 736 1429 aiiis

51 1444 111 1489 maie
127 1444 225 1502 precari,
242 1445 329 1489 faciunt
343 1448 496 1497 contumaces,
513 1445 676 1496 inobedientes,
688 1445 736 1488 tol-

51 1505 118 1549 lendo
133 1504 179 1547 iliis
191 1504 366 1548 aestimationem
383 1506 513 1562 pareutum,
531 1506 555 1547 et
570 1504 733 1558 reverentiam,

53 1563 112 1621 quod
131 1577 202 1619 grave
219 1564 305 1608 malum
323 1568 371 1618 est,
388 1565 447 1607 unde
463 1564 550 1607 frustra
570 1567 676 1620 parentes
694 1576 737 1619 pro

54 1623 200 1668 excusatione
209 1623 333 1668 obtendunt
344 1623 659 1680 liberoruminohedientiam,
669 1624 736 1680 hujus

54 1683 115 1728 enim
131 1683 189 1727 tales
209 1687 262 1729 sunt
280 1684 560 1740 causae.10.1mpreoatio
577 1685 646 1728 etiam
662 1684 737 1728 conti-

54 1756 109 1788 nere
119 1747 194 1798 potest
202 1745 376 1801 blasphemiam,
385 1746 418 1796 ut,
428 1744 447 1787 si
457 1744 576 1800 quisdicat
587 1757 592 1787 ι
604 1745 705 1788 Perdant
714 1746 737 1787 te

54 1804 212 1858 Sacramenta,
231 1804 333 1859 sanguis,
352 1802 455 1857 vulnera,
476 1817 537 1847 mors
555 1803 649 1855 Christi,
667 1805 691 1846 et
708 1804 738 1845 si·

53 1862 127 1913 milia,
141 1875 191 1917 qirae
202 1862 230 1906 ad
248 1864 335 1907 animas
351 1875 396 1905 uon
413 1862 547 1918 perdendas,
561 1863 600 1907 sed
616 1862 738 1907 salvandas

52 1922 171 1980 pertinent
184 1934 189 1964 :
202 1922 225 1964 in
234 1922 270 1966 his
280 1922 340 1966 enim
350 1934 432 1977 magna
441 1925 521 1967 contra
530 1923 601 1967 Deum
611 1921 738 1979 apprehen·

54 1982 116 2027 ditur
128 1981 288 2035 irreverentia,
299 1981 343 2026 etsi
352 1983 401 2025 sine
410 1983 493 2037 animo,
503 1985 530 2026 ut
537 1982 624 2026 malum
635 1982 737 2035 eveniat,

52 2041 215 2100 proferentum
236 2042 304 2096 unde,
323 2041 362 2096 qui
378 2042 459 2086 talium
473 2042 597 2086 verborum
615 2045 725 2087 consuetu
753 2082 754 2086 ,

13 2219 15 2221 ,
85 2194 102 2239 1)
113 2192 140 2228 Cf.
150 2191 169 2226 S.
181 2192 244 2226 Thom.
253 2191 271 2226 2.
282 2191 300 2227 2.
312 2202 329 2233 (1,
340 2191 381 2227 101.
390 2202 408 2228 a.
417 2193 436 2229 1.

57 2276 58 2279 ,
84 2237 218 2288 2111111111.
229 2236 277 2275 185.r
