<?xml version="1.0" encoding="UTF-8"?>
<!DOCTYPE html PUBLIC "-//W3C//DTD XHTML 1.0 Transitional//EN"
    "http://www.w3.org/TR/xhtml1/DTD/xhtml1-transitional.dtd">
<html xmlns="http://www.w3.org/1999/xhtml" xml:lang="en" lang="en">
 <head>
  <title>
</title>
<meta http-equiv="Content-Type" content="text/html;charset=utf-8" />
  <meta name='ocr-system' content='tesseract 3.04.00' />
  <meta name='ocr-capabilities' content='ocr_page ocr_carea ocr_par ocr_line ocrx_word'/>
</head>
<body>
  <div class='ocr_page' id='page_1' title='image "MN5128ucmf_0_0234.png"; bbox 0 0 1577 2464; ppageno 0'>
   <div class='ocr_carea' id='block_1_1' title="bbox 57 79 675 145">
    <p class='ocr_par' dir='ltr' id='par_1_1' title="bbox 57 79 675 145">
     <span class='ocr_line' id='line_1_1' title="bbox 57 79 675 145; baseline 0.002 -7"><span class='ocrx_word' id='word_1_1' title='bbox 57 94 102 139; x_wconf 78' lang='lat'>204</span> <span class='ocrx_word' id='word_1_2' title='bbox 139 106 370 141; x_wconf 82' lang='lat' dir='ltr'>uro-uouunssnmus</span> <span class='ocrx_word' id='word_1_3' title='bbox 386 79 497 145; x_wconf 69' lang='lat' dir='ltr'>aaronica</span> <span class='ocrx_word' id='word_1_4' title='bbox 508 104 675 139; x_wconf 62' lang='lat' dir='ltr'>iirsmocnusv</span> 
     </span>
    </p>
   </div>
   <div class='ocr_carea' id='block_1_2' title="bbox 16 192 748 2255">
    <p class='ocr_par' dir='ltr' id='par_1_2' title="bbox 57 192 736 311">
     <span class='ocr_line' id='line_1_2' title="bbox 57 192 736 252; baseline 0.001 -14"><span class='ocrx_word' id='word_1_5' title='bbox 57 193 122 252; x_wconf 83' lang='lat' dir='ltr'>ginta</span> <span class='ocrx_word' id='word_1_6' title='bbox 133 193 239 251; x_wconf 87' lang='lat' dir='ltr'>quinque,</span> <span class='ocrx_word' id='word_1_7' title='bbox 252 207 365 240; x_wconf 86' lang='lat' dir='ltr'>summum</span> <span class='ocrx_word' id='word_1_8' title='bbox 379 197 468 239; x_wconf 88' lang='lat' dir='ltr'>centum</span> <span class='ocrx_word' id='word_1_9' title='bbox 478 195 502 238; x_wconf 85' lang='lat' dir='ltr'>et</span> <span class='ocrx_word' id='word_1_10' title='bbox 511 192 608 249; x_wconf 87' lang='lat' dir='ltr'>quinque</span> <span class='ocrx_word' id='word_1_11' title='bbox 621 206 627 239; x_wconf 87' lang='lat'><strong>:</strong></span> <span class='ocrx_word' id='word_1_12' title='bbox 638 195 690 239; x_wconf 90' lang='lat' dir='ltr'>sunt</span> <span class='ocrx_word' id='word_1_13' title='bbox 700 195 736 238; x_wconf 77' lang='lat' dir='ltr'>tr.-</span> 
     </span>
     <span class='ocr_line' id='line_1_3' title="bbox 58 253 736 311; baseline -0.001 -11"><span class='ocrx_word' id='word_1_14' title='bbox 58 268 118 311; x_wconf 79' lang='lat' dir='ltr'>rnen,</span> <span class='ocrx_word' id='word_1_15' title='bbox 131 255 169 311; x_wconf 88' lang='lat' dir='ltr'>qui</span> <span class='ocrx_word' id='word_1_16' title='bbox 181 255 238 299; x_wconf 89' lang='lat' dir='ltr'>hane</span> <span class='ocrx_word' id='word_1_17' title='bbox 250 255 380 299; x_wconf 74' lang='lat' dir='ltr'>distantiam</span> <span class='ocrx_word' id='word_1_18' title='bbox 389 255 449 298; x_wconf 88' lang='lat' dir='ltr'>inter</span> <span class='ocrx_word' id='word_1_19' title='bbox 455 253 552 311; x_wconf 87' lang='lat' dir='ltr'>pretium</span> <span class='ocrx_word' id='word_1_20' title='bbox 561 267 673 299; x_wconf 88' lang='lat' dir='ltr'>summurn</span> <span class='ocrx_word' id='word_1_21' title='bbox 683 255 736 299; x_wconf 89' lang='lat' dir='ltr'>illud</span> 
     </span>
    </p>

    <p class='ocr_par' dir='ltr' id='par_1_3' title="bbox 36 314 742 1314">
     <span class='ocr_line' id='line_1_4' title="bbox 58 314 737 381; baseline 0 -22"><span class='ocrx_word' id='word_1_22' title='bbox 58 315 246 359; x_wconf 83' lang='lat' dir='ltr'>infimum</span> <span class='ocrx_word' id='word_1_23' title='bbox 207 318 246 372; x_wconf 93' lang='lat' dir='ltr'>pu</span> <span class='ocrx_word' id='word_1_24' title='bbox 248 319 287 358; x_wconf 83' lang='lat' dir='ltr'>an</span> <span class='ocrx_word' id='word_1_25' title='bbox 304 328 353 358; x_wconf 85' lang='lat' dir='ltr'>esse</span> <span class='ocrx_word' id='word_1_26' title='bbox 373 314 473 364; x_wconf 83' lang='lat' dir='ltr'><strong>nimiam.</strong></span> <span class='ocrx_word' id='word_1_27' title='bbox 486 314 517 358; x_wconf 88' lang='lat' dir='ltr'>At</span> <span class='ocrx_word' id='word_1_28' title='bbox 507 315 594 381; x_wconf 76' lang='lat' dir='ltr'>thirgo</span> <span class='ocrx_word' id='word_1_29' title='bbox 611 318 685 370; x_wconf 82' lang='lat' dir='ltr'>putat,</span> <span class='ocrx_word' id='word_1_30' title='bbox 653 315 737 359; x_wconf 80' lang='lat' dir='ltr'>at·ho</span> 
     </span>
     <span class='ocr_line' id='line_1_5' title="bbox 36 373 737 441; baseline -0.001 -23"><span class='ocrx_word' id='word_1_31' title='bbox 36 391 38 393; x_wconf 88' lang='lat'>·</span> <span class='ocrx_word' id='word_1_32' title='bbox 58 374 149 418; x_wconf 88' lang='lat' dir='ltr'>dicdum</span> <span class='ocrx_word' id='word_1_33' title='bbox 160 375 232 419; x_wconf 86' lang='lat' dir='ltr'>adhue</span> <span class='ocrx_word' id='word_1_34' title='bbox 245 373 369 441; x_wconf 85' lang='lat' dir='ltr'>majorema</span> <span class='ocrx_word' id='word_1_35' title='bbox 378 375 423 430; x_wconf 90' lang='lat' dir='ltr'>pud</span> <span class='ocrx_word' id='word_1_36' title='bbox 434 374 588 417; x_wconf 75' lang='lat' dir='ltr'>mercatores</span> <span class='ocrx_word' id='word_1_37' title='bbox 582 386 605 416; x_wconf 90' lang='lat' dir='ltr'>m</span> <span class='ocrx_word' id='word_1_38' title='bbox 616 387 657 417; x_wconf 87' lang='lat' dir='ltr'>usu</span> <span class='ocrx_word' id='word_1_39' title='bbox 669 386 737 417; x_wconf 88' lang='lat' dir='ltr'>esse:</span> 
     </span>
     <span class='ocr_line' id='line_1_6' title="bbox 59 425 739 481; baseline -0.003 -2"><span class='ocrx_word' id='word_1_40' title='bbox 59 435 125 479; x_wconf 84' lang='lat' dir='ltr'>unde</span> <span class='ocrx_word' id='word_1_41' title='bbox 130 437 151 479; x_wconf 87' lang='lat' dir='ltr'>st</span> <span class='ocrx_word' id='word_1_42' title='bbox 142 435 233 478; x_wconf 84' lang='lat' dir='ltr'>tandum</span> <span class='ocrx_word' id='word_1_43' title='bbox 243 433 355 477; x_wconf 89' lang='lat' dir='ltr'>communi</span> <span class='ocrx_word' id='word_1_44' title='bbox 367 447 407 477; x_wconf 88' lang='lat' dir='ltr'>usu</span> <span class='ocrx_word' id='word_1_45' title='bbox 417 434 583 478; x_wconf 87' lang='lat' dir='ltr'>timoratorum.</span> <span class='ocrx_word' id='word_1_46' title='bbox 590 425 653 481; x_wconf 84' lang='lat' dir='ltr'>Quod</span> <span class='ocrx_word' id='word_1_47' title='bbox 663 437 739 478; x_wconf 86' lang='lat' dir='ltr'>autem</span> 
     </span>
     <span class='ocr_line' id='line_1_7' title="bbox 58 493 738 551; baseline -0.001 -12"><span class='ocrx_word' id='word_1_48' title='bbox 58 493 145 551; x_wconf 81' lang='lat' dir='ltr'>triplex</span> <span class='ocrx_word' id='word_1_49' title='bbox 160 494 216 537; x_wconf 88' lang='lat' dir='ltr'>illud</span> <span class='ocrx_word' id='word_1_50' title='bbox 229 500 279 549; x_wconf 87' lang='lat' dir='ltr'>pret</span> <span class='ocrx_word' id='word_1_51' title='bbox 280 493 326 536; x_wconf 86' lang='lat' dir='ltr'>ium</span> <span class='ocrx_word' id='word_1_52' title='bbox 341 493 454 549; x_wconf 80' lang='lat' dir='ltr'>vulgare</span> <span class='ocrx_word' id='word_1_53' title='bbox 445 500 532 548; x_wconf 65' lang='lat' dir='ltr'>justum</span> <span class='ocrx_word' id='word_1_54' title='bbox 551 493 588 548; x_wconf 85' lang='lat' dir='ltr'>sit,</span> <span class='ocrx_word' id='word_1_55' title='bbox 605 508 633 537; x_wconf 84' lang='lat' dir='ltr'>ex</span> <span class='ocrx_word' id='word_1_56' title='bbox 651 507 677 537; x_wconf 92' lang='lat' dir='ltr'>eo</span> <span class='ocrx_word' id='word_1_57' title='bbox 695 496 738 549; x_wconf 88' lang='lat' dir='ltr'>est,</span> 
     </span>
     <span class='ocr_line' id='line_1_8' title="bbox 60 553 739 610; baseline 0 -14"><span class='ocrx_word' id='word_1_58' title='bbox 60 555 113 609; x_wconf 81' lang='lat' dir='ltr'>quia</span> <span class='ocrx_word' id='word_1_59' title='bbox 133 553 230 610; x_wconf 87' lang='lat' dir='ltr'>pretium</span> <span class='ocrx_word' id='word_1_60' title='bbox 251 553 377 596; x_wconf 85' lang='lat' dir='ltr'>desumitur</span> <span class='ocrx_word' id='word_1_61' title='bbox 394 567 422 596; x_wconf 86' lang='lat' dir='ltr'>ex</span> <span class='ocrx_word' id='word_1_62' title='bbox 442 553 532 605; x_wconf 84' lang='lat' dir='ltr'>affectu,</span> <span class='ocrx_word' id='word_1_63' title='bbox 549 557 573 596; x_wconf 89' lang='lat' dir='ltr'>et</span> <span class='ocrx_word' id='word_1_64' title='bbox 590 553 739 597; x_wconf 83' lang='lat' dir='ltr'>aestimatione</span> 
     </span>
     <span class='ocr_line' id='line_1_9' title="bbox 60 612 738 668; baseline 0 -10"><span class='ocrx_word' id='word_1_65' title='bbox 60 615 161 659; x_wconf 88' lang='lat' dir='ltr'>omnium</span> <span class='ocrx_word' id='word_1_66' title='bbox 174 626 179 657; x_wconf 89' lang='lat'>:</span> <span class='ocrx_word' id='word_1_67' title='bbox 192 614 220 656; x_wconf 86' lang='lat' dir='ltr'>de</span> <span class='ocrx_word' id='word_1_68' title='bbox 235 612 271 656; x_wconf 90' lang='lat' dir='ltr'>his</span> <span class='ocrx_word' id='word_1_69' title='bbox 281 616 357 655; x_wconf 89' lang='lat' dir='ltr'>autem</span> <span class='ocrx_word' id='word_1_70' title='bbox 367 626 410 655; x_wconf 93' lang='lat' dir='ltr'>non</span> <span class='ocrx_word' id='word_1_71' title='bbox 424 613 480 657; x_wconf 88' lang='lat' dir='ltr'>satis</span> <span class='ocrx_word' id='word_1_72' title='bbox 489 616 578 658; x_wconf 82' lang='lat' dir='ltr'>constat</span> <span class='ocrx_word' id='word_1_73' title='bbox 588 614 611 657; x_wconf 89' lang='lat' dir='ltr'>in</span> <span class='ocrx_word' id='word_1_74' title='bbox 627 613 738 668; x_wconf 73' lang='lat' dir='ltr'>omnibus,</span> 
     </span>
     <span class='ocr_line' id='line_1_10' title="bbox 51 672 740 727; baseline 0.004 -11"><span class='ocrx_word' id='word_1_75' title='bbox 51 685 111 716; x_wconf 62' lang='lat' dir='ltr'>‘cum</span> <span class='ocrx_word' id='word_1_76' title='bbox 123 672 161 715; x_wconf 90' lang='lat' dir='ltr'>elii</span> <span class='ocrx_word' id='word_1_77' title='bbox 179 675 277 723; x_wconf 85' lang='lat' dir='ltr'>centum,</span> <span class='ocrx_word' id='word_1_78' title='bbox 288 672 327 714; x_wconf 89' lang='lat' dir='ltr'>alii</span> <span class='ocrx_word' id='word_1_79' title='bbox 344 674 434 725; x_wconf 88' lang='lat' dir='ltr'>centnm</span> <span class='ocrx_word' id='word_1_80' title='bbox 452 675 475 716; x_wconf 83' lang='lat' dir='ltr'>et</span> <span class='ocrx_word' id='word_1_81' title='bbox 492 673 598 727; x_wconf 82' lang='lat' dir='ltr'>quinque,</span> <span class='ocrx_word' id='word_1_82' title='bbox 611 672 650 715; x_wconf 87' lang='lat' dir='ltr'>alii</span> <span class='ocrx_word' id='word_1_83' title='bbox 668 687 740 720; x_wconf 85' lang='lat' dir='ltr'>nona-</span> 
     </span>
     <span class='ocr_line' id='line_1_11' title="bbox 60 730 740 788; baseline 0.003 -14"><span class='ocrx_word' id='word_1_84' title='bbox 60 732 125 788; x_wconf 82' lang='lat' dir='ltr'>ginta</span> <span class='ocrx_word' id='word_1_85' title='bbox 141 744 221 774; x_wconf 77' lang='lat' dir='ltr'>norem</span> <span class='ocrx_word' id='word_1_86' title='bbox 236 730 339 787; x_wconf 78' lang='lat' dir='ltr'>judicent</span> <span class='ocrx_word' id='word_1_87' title='bbox 360 731 457 787; x_wconf 87' lang='lat' dir='ltr'>pretium</span> <span class='ocrx_word' id='word_1_88' title='bbox 471 730 560 788; x_wconf 86' lang='lat' dir='ltr'>justum</span> <span class='ocrx_word' id='word_1_89' title='bbox 574 736 632 786; x_wconf 81' lang='lat' dir='ltr'>esse,</span> <span class='ocrx_word' id='word_1_90' title='bbox 646 745 740 788; x_wconf 90' lang='lat' dir='ltr'>quorum</span> 
     </span>
     <span class='ocr_line' id='line_1_12' title="bbox 61 790 739 848; baseline 0 -13"><span class='ocrx_word' id='word_1_91' title='bbox 61 793 176 848; x_wconf 91' lang='lat' dir='ltr'>opiniones</span> <span class='ocrx_word' id='word_1_92' title='bbox 190 803 240 835; x_wconf 87' lang='lat' dir='ltr'>oum</span> <span class='ocrx_word' id='word_1_93' title='bbox 257 790 383 846; x_wconf 81' lang='lat' dir='ltr'>probabiles</span> <span class='ocrx_word' id='word_1_94' title='bbox 402 791 456 844; x_wconf 85' lang='lat' dir='ltr'>sint,</span> <span class='ocrx_word' id='word_1_95' title='bbox 468 791 611 835; x_wconf 86' lang='lat' dir='ltr'>consentiunt</span> <span class='ocrx_word' id='word_1_96' title='bbox 628 791 739 845; x_wconf 84' lang='lat' dir='ltr'>homines,</span> 
     </span>
     <span class='ocr_line' id='line_1_13' title="bbox 61 849 739 908; baseline -0.001 -12"><span class='ocrx_word' id='word_1_97' title='bbox 61 855 87 896; x_wconf 86' lang='lat' dir='ltr'>ut</span> <span class='ocrx_word' id='word_1_98' title='bbox 102 850 168 908; x_wconf 74' lang='lat' dir='ltr'>‘sequi</span> <span class='ocrx_word' id='word_1_99' title='bbox 189 864 227 896; x_wconf 90' lang='lat' dir='ltr'>eas</span> <span class='ocrx_word' id='word_1_100' title='bbox 244 849 320 895; x_wconf 88' lang='lat' dir='ltr'>liceat.</span> <span class='ocrx_word' id='word_1_101' title='bbox 337 850 450 896; x_wconf 80' lang='lat' dir='ltr'>Caeterum</span> <span class='ocrx_word' id='word_1_102' title='bbox 467 851 565 907; x_wconf 83' lang='lat' dir='ltr'>pretium</span> <span class='ocrx_word' id='word_1_103' title='bbox 583 852 693 898; x_wconf 74' lang='lat' dir='ltr'>decrescit</span> <span class='ocrx_word' id='word_1_104' title='bbox 711 866 739 895; x_wconf 84' lang='lat' dir='ltr'>ex</span> 
     </span>
     <span class='ocr_line' id='line_1_14' title="bbox 61 910 741 967; baseline -0.001 -11"><span class='ocrx_word' id='word_1_105' title='bbox 61 911 126 967; x_wconf 88' lang='lat' dir='ltr'>copia</span> <span class='ocrx_word' id='word_1_106' title='bbox 136 912 253 965; x_wconf 85' lang='lat' dir='ltr'>mercium,</span> <span class='ocrx_word' id='word_1_107' title='bbox 266 913 290 954; x_wconf 85' lang='lat' dir='ltr'>et</span> <span class='ocrx_word' id='word_1_108' title='bbox 299 910 395 956; x_wconf 86' lang='lat' dir='ltr'>raritate</span> <span class='ocrx_word' id='word_1_109' title='bbox 405 913 544 966; x_wconf 81' lang='lat' dir='ltr'>emptorum3</span> <span class='ocrx_word' id='word_1_110' title='bbox 555 911 637 955; x_wconf 86' lang='lat' dir='ltr'>crescit</span> <span class='ocrx_word' id='word_1_111' title='bbox 647 925 702 955; x_wconf 84' lang='lat' dir='ltr'>vero</span> <span class='ocrx_word' id='word_1_112' title='bbox 713 926 741 955; x_wconf 85' lang='lat' dir='ltr'>ex</span> 
     </span>
     <span class='ocr_line' id='line_1_15' title="bbox 60 970 741 1029; baseline 0 -15"><span class='ocrx_word' id='word_1_113' title='bbox 60 970 157 1029; x_wconf 90' lang='lat' dir='ltr'>penuria</span> <span class='ocrx_word' id='word_1_114' title='bbox 172 970 291 1024; x_wconf 87' lang='lat' dir='ltr'>mercium,</span> <span class='ocrx_word' id='word_1_115' title='bbox 302 974 326 1015; x_wconf 86' lang='lat' dir='ltr'>et</span> <span class='ocrx_word' id='word_1_116' title='bbox 343 971 465 1014; x_wconf 87' lang='lat' dir='ltr'>ementium</span> <span class='ocrx_word' id='word_1_117' title='bbox 481 971 553 1026; x_wconf 86' lang='lat' dir='ltr'>eopia,</span> <span class='ocrx_word' id='word_1_118' title='bbox 566 984 594 1013; x_wconf 83' lang='lat' dir='ltr'>ex</span> <span class='ocrx_word' id='word_1_119' title='bbox 609 972 675 1014; x_wconf 92' lang='lat' dir='ltr'>modo</span> <span class='ocrx_word' id='word_1_120' title='bbox 684 984 741 1014; x_wconf 92' lang='lat' dir='ltr'>ven-</span> 
     </span>
     <span class='ocr_line' id='line_1_16' title="bbox 61 1030 739 1087; baseline -0.003 -11"><span class='ocrx_word' id='word_1_121' title='bbox 61 1031 128 1076; x_wconf 88' lang='lat' dir='ltr'>dendi</span> <span class='ocrx_word' id='word_1_122' title='bbox 137 1030 238 1087; x_wconf 57' lang='lat' dir='ltr'>speciali</span> <span class='ocrx_word' id='word_1_123' title='bbox 247 1030 472 1077; x_wconf 85' lang='lat' dir='ltr'>rationabiliaffeotu</span> <span class='ocrx_word' id='word_1_124' title='bbox 485 1030 611 1083; x_wconf 82' lang='lat' dir='ltr'>vendentis,</span> <span class='ocrx_word' id='word_1_125' title='bbox 623 1030 739 1086; x_wconf 69' lang='lat' dir='ltr'>impensis,</span> 
     </span>
     <span class='ocr_line' id='line_1_17' title="bbox 53 1089 740 1148; baseline 0 -14"><span class='ocrx_word' id='word_1_126' title='bbox 53 1089 177 1148; x_wconf 87' lang='lat' dir='ltr'>periculis,</span> <span class='ocrx_word' id='word_1_127' title='bbox 190 1090 305 1135; x_wconf 84' lang='lat' dir='ltr'>laboribus</span> <span class='ocrx_word' id='word_1_128' title='bbox 321 1091 350 1135; x_wconf 87' lang='lat' dir='ltr'>ad</span> <span class='ocrx_word' id='word_1_129' title='bbox 367 1104 454 1135; x_wconf 86' lang='lat' dir='ltr'>merces</span> <span class='ocrx_word' id='word_1_130' title='bbox 465 1090 636 1145; x_wconf 85' lang='lat' dir='ltr'>comparandas,</span> <span class='ocrx_word' id='word_1_131' title='bbox 647 1103 740 1134; x_wconf 87' lang='lat' dir='ltr'>conser-</span> 
     </span>
     <span class='ocr_line' id='line_1_18' title="bbox 62 1148 741 1205; baseline -0.001 -11"><span class='ocrx_word' id='word_1_132' title='bbox 62 1151 192 1205; x_wconf 75' lang='lat' dir='ltr'>vandaeque</span> <span class='ocrx_word' id='word_1_133' title='bbox 206 1149 355 1193; x_wconf 88' lang='lat' dir='ltr'>communiter</span> <span class='ocrx_word' id='word_1_134' title='bbox 364 1149 505 1199; x_wconf 82' lang='lat' dir='ltr'>necessariis,</span> <span class='ocrx_word' id='word_1_135' title='bbox 518 1161 546 1192; x_wconf 77' lang='lat' dir='ltr'>ex</span> <span class='ocrx_word' id='word_1_136' title='bbox 562 1148 624 1192; x_wconf 87' lang='lat' dir='ltr'>lucro</span> <span class='ocrx_word' id='word_1_137' title='bbox 639 1152 741 1193; x_wconf 79' lang='lat' dir='ltr'>cessante</span> 
     </span>
     <span class='ocr_line' id='line_1_19' title="bbox 62 1208 742 1265; baseline -0.001 -12"><span class='ocrx_word' id='word_1_138' title='bbox 62 1210 100 1253; x_wconf 88' lang='lat' dir='ltr'>vel</span> <span class='ocrx_word' id='word_1_139' title='bbox 109 1210 190 1254; x_wconf 87' lang='lat' dir='ltr'>damno</span> <span class='ocrx_word' id='word_1_140' title='bbox 201 1210 401 1265; x_wconf 82' lang='lat' dir='ltr'>emergente,quod</span> <span class='ocrx_word' id='word_1_141' title='bbox 412 1209 516 1259; x_wconf 86' lang='lat' dir='ltr'>venditor</span> <span class='ocrx_word' id='word_1_142' title='bbox 524 1209 549 1261; x_wconf 88' lang='lat' dir='ltr'>in</span> <span class='ocrx_word' id='word_1_143' title='bbox 559 1208 657 1265; x_wconf 81' lang='lat' dir='ltr'>gratiam</span> <span class='ocrx_word' id='word_1_144' title='bbox 668 1213 742 1252; x_wconf 83' lang='lat' dir='ltr'>emen-</span> 
     </span>
     <span class='ocr_line' id='line_1_20' title="bbox 62 1269 360 1314; baseline -0.003 -1"><span class='ocrx_word' id='word_1_145' title='bbox 62 1269 93 1314; x_wconf 87' lang='lat' dir='ltr'>tis</span> <span class='ocrx_word' id='word_1_146' title='bbox 105 1269 173 1313; x_wconf 85' lang='lat' dir='ltr'>subit.</span> <span class='ocrx_word' id='word_1_147' title='bbox 186 1269 250 1313; x_wconf 90' lang='lat' dir='ltr'>Unde</span> <span class='ocrx_word' id='word_1_148' title='bbox 259 1270 360 1312; x_wconf 70' lang='lat' dir='ltr'>⁴deduces</span> 
     </span>
    </p>

    <p class='ocr_par' dir='ltr' id='par_1_4' title="bbox 16 1327 748 2221">
     <span class='ocr_line' id='line_1_21' title="bbox 93 1327 741 1385; baseline -0.003 -12"><span class='ocrx_word' id='word_1_149' title='bbox 93 1328 146 1374; x_wconf 79' lang='lat'>158.</span> <span class='ocrx_word' id='word_1_150' title='bbox 159 1351 189 1373; x_wconf 73' lang='grc'>-,·</span> <span class='ocrx_word' id='word_1_151' title='bbox 199 1329 222 1373; x_wconf 87' lang='lat' dir='ltr'>l.</span> <span class='ocrx_word' id='word_1_152' title='bbox 234 1328 278 1377; x_wconf 79' lang='lat' dir='ltr'>Qui</span> <span class='ocrx_word' id='word_1_153' title='bbox 285 1341 345 1384; x_wconf 82' lang='lat' dir='ltr'>erga</span> <span class='ocrx_word' id='word_1_154' title='bbox 354 1341 403 1371; x_wconf 90' lang='lat' dir='ltr'>rem</span> <span class='ocrx_word' id='word_1_155' title='bbox 418 1327 547 1385; x_wconf 79' lang='lat' dir='ltr'>specialiter</span> <span class='ocrx_word' id='word_1_156' title='bbox 556 1327 660 1381; x_wconf 81' lang='lat' dir='ltr'>afficitur,</span> <span class='ocrx_word' id='word_1_157' title='bbox 670 1343 694 1371; x_wconf 81' lang='lat' dir='ltr'>r.</span> <span class='ocrx_word' id='word_1_158' title='bbox 705 1342 741 1383; x_wconf 81' lang='lat' dir='ltr'>gr.</span> 
     </span>
     <span class='ocr_line' id='line_1_22' title="bbox 63 1387 743 1445; baseline -0.001 -13"><span class='ocrx_word' id='word_1_159' title='bbox 63 1389 116 1445; x_wconf 83' lang='lat' dir='ltr'>quia</span> <span class='ocrx_word' id='word_1_160' title='bbox 125 1387 271 1444; x_wconf 70' lang='lat' dir='ltr'>restantique,</span> <span class='ocrx_word' id='word_1_161' title='bbox 283 1389 320 1432; x_wconf 86' lang='lat' dir='ltr'>vel</span> <span class='ocrx_word' id='word_1_162' title='bbox 335 1387 388 1443; x_wconf 88' lang='lat' dir='ltr'>quia</span> <span class='ocrx_word' id='word_1_163' title='bbox 399 1400 413 1431; x_wconf 87' lang='lat' dir='ltr'>a</span> <span class='ocrx_word' id='word_1_164' title='bbox 429 1387 537 1443; x_wconf 82' lang='lat' dir='ltr'>principe,</span> <span class='ocrx_word' id='word_1_165' title='bbox 547 1388 585 1430; x_wconf 84' lang='lat' dir='ltr'>vel</span> <span class='ocrx_word' id='word_1_166' title='bbox 596 1402 609 1429; x_wconf 86' lang='lat' dir='ltr'>a</span> <span class='ocrx_word' id='word_1_167' title='bbox 620 1388 743 1443; x_wconf 78' lang='lat' dir='ltr'>majoribus</span> 
     </span>
     <span class='ocr_line' id='line_1_23' title="bbox 63 1447 744 1505; baseline -0.004 -12"><span class='ocrx_word' id='word_1_168' title='bbox 63 1447 158 1505; x_wconf 87' lang='lat' dir='ltr'>accepit,</span> <span class='ocrx_word' id='word_1_169' title='bbox 170 1449 246 1504; x_wconf 83' lang='lat' dir='ltr'>potest</span> <span class='ocrx_word' id='word_1_170' title='bbox 257 1461 306 1491; x_wconf 88' lang='lat' dir='ltr'>eam</span> <span class='ocrx_word' id='word_1_171' title='bbox 317 1448 392 1492; x_wconf 87' lang='lat' dir='ltr'>carius</span> <span class='ocrx_word' id='word_1_172' title='bbox 402 1447 508 1500; x_wconf 82' lang='lat' dir='ltr'>vendere,</span> <span class='ocrx_word' id='word_1_173' title='bbox 519 1460 586 1502; x_wconf 90' lang='lat' dir='ltr'>quam</span> <span class='ocrx_word' id='word_1_174' title='bbox 595 1447 744 1491; x_wconf 88' lang='lat' dir='ltr'>communiter</span> 
     </span>
     <span class='ocr_line' id='line_1_24' title="bbox 16 1507 745 1563; baseline -0.005 -10"><span class='ocrx_word' id='word_1_175' title='bbox 16 1550 27 1559; x_wconf 65' lang='grc'>.,</span> <span class='ocrx_word' id='word_1_176' title='bbox 63 1508 170 1553; x_wconf 84' lang='lat' dir='ltr'>venditur</span> <span class='ocrx_word' id='word_1_177' title='bbox 188 1507 279 1562; x_wconf 86' lang='lat' dir='ltr'>similis,</span> <span class='ocrx_word' id='word_1_178' title='bbox 291 1508 357 1552; x_wconf 90' lang='lat' dir='ltr'>modo</span> <span class='ocrx_word' id='word_1_179' title='bbox 375 1508 397 1550; x_wconf 91' lang='lat' dir='ltr'>id</span> <span class='ocrx_word' id='word_1_180' title='bbox 415 1507 499 1550; x_wconf 86' lang='lat' dir='ltr'>indicet</span> <span class='ocrx_word' id='word_1_181' title='bbox 513 1509 610 1561; x_wconf 78' lang='lat' dir='ltr'>ementi3</span> <span class='ocrx_word' id='word_1_182' title='bbox 628 1507 680 1563; x_wconf 85' lang='lat' dir='ltr'>quia</span> <span class='ocrx_word' id='word_1_183' title='bbox 694 1508 745 1563; x_wconf 91' lang='lat' dir='ltr'>pri-</span> 
     </span>
     <span class='ocr_line' id='line_1_25' title="bbox 63 1565 745 1622; baseline -0.003 -10"><span class='ocrx_word' id='word_1_184' title='bbox 63 1569 126 1613; x_wconf 86' lang='lat' dir='ltr'>vatio</span> <span class='ocrx_word' id='word_1_185' title='bbox 137 1568 199 1612; x_wconf 86' lang='lat' dir='ltr'>illius</span> <span class='ocrx_word' id='word_1_186' title='bbox 213 1567 307 1612; x_wconf 81' lang='lat' dir='ltr'>affectos</span> <span class='ocrx_word' id='word_1_187' title='bbox 328 1570 352 1612; x_wconf 90' lang='lat' dir='ltr'>et</span> <span class='ocrx_word' id='word_1_188' title='bbox 364 1565 520 1611; x_wconf 86' lang='lat' dir='ltr'>oblectationis</span> <span class='ocrx_word' id='word_1_189' title='bbox 531 1567 554 1609; x_wconf 92' lang='lat' dir='ltr'>in</span> <span class='ocrx_word' id='word_1_190' title='bbox 569 1568 667 1622; x_wconf 82' lang='lat' dir='ltr'>gratiam</span> <span class='ocrx_word' id='word_1_191' title='bbox 685 1567 745 1619; x_wconf 85' lang='lat' dir='ltr'>alte·</span> 
     </span>
     <span class='ocr_line' id='line_1_26' title="bbox 62 1625 745 1683; baseline -0.001 -12"><span class='ocrx_word' id='word_1_192' title='bbox 62 1628 111 1672; x_wconf 88' lang='lat' dir='ltr'>rius</span> <span class='ocrx_word' id='word_1_193' title='bbox 121 1628 144 1671; x_wconf 83' lang='lat' dir='ltr'>et</span> <span class='ocrx_word' id='word_1_194' title='bbox 154 1627 226 1683; x_wconf 89' lang='lat' dir='ltr'>pretio</span> <span class='ocrx_word' id='word_1_195' title='bbox 237 1626 388 1680; x_wconf 86' lang='lat' dir='ltr'>aestimabilis,</span> <span class='ocrx_word' id='word_1_196' title='bbox 400 1639 451 1669; x_wconf 85' lang='lat' dir='ltr'>cum</span> <span class='ocrx_word' id='word_1_197' title='bbox 462 1625 493 1670; x_wconf 89' lang='lat' dir='ltr'>sit</span> <span class='ocrx_word' id='word_1_198' title='bbox 508 1639 558 1670; x_wconf 90' lang='lat' dir='ltr'>cum</span> <span class='ocrx_word' id='word_1_199' title='bbox 574 1626 679 1670; x_wconf 85' lang='lat' dir='ltr'>molestia</span> <span class='ocrx_word' id='word_1_200' title='bbox 689 1640 745 1670; x_wconf 88' lang='lat' dir='ltr'>eon-</span> 
     </span>
     <span class='ocr_line' id='line_1_27' title="bbox 61 1686 745 1745; baseline -0.001 -15"><span class='ocrx_word' id='word_1_201' title='bbox 61 1689 142 1744; x_wconf 84' lang='lat' dir='ltr'>juncta</span> <span class='ocrx_word' id='word_1_202' title='bbox 153 1686 186 1745; x_wconf 82' lang='lat'>(1)</span> <span class='ocrx_word' id='word_1_203' title='bbox 197 1700 203 1731; x_wconf 90' lang='lat'>:</span> <span class='ocrx_word' id='word_1_204' title='bbox 218 1688 317 1745; x_wconf 87' lang='lat' dir='ltr'>pretium</span> <span class='ocrx_word' id='word_1_205' title='bbox 327 1691 403 1731; x_wconf 82' lang='lat' dir='ltr'>tamen</span> <span class='ocrx_word' id='word_1_206' title='bbox 414 1686 470 1730; x_wconf 89' lang='lat' dir='ltr'>illud</span> <span class='ocrx_word' id='word_1_207' title='bbox 485 1686 551 1730; x_wconf 90' lang='lat' dir='ltr'>debet</span> <span class='ocrx_word' id='word_1_208' title='bbox 562 1700 612 1730; x_wconf 89' lang='lat' dir='ltr'>esse</span> <span class='ocrx_word' id='word_1_209' title='bbox 622 1687 745 1743; x_wconf 87' lang='lat' dir='ltr'>prudenter</span> 
     </span>
     <span class='ocr_line' id='line_1_28' title="bbox 65 1745 744 1805; baseline -0.003 -14"><span class='ocrx_word' id='word_1_210' title='bbox 65 1748 206 1791; x_wconf 83' lang='lat' dir='ltr'>moderatum</span> <span class='ocrx_word' id='word_1_211' title='bbox 227 1750 252 1792; x_wconf 88' lang='lat' dir='ltr'>et</span> <span class='ocrx_word' id='word_1_212' title='bbox 271 1746 467 1805; x_wconf 87' lang='lat' dir='ltr'>proportionatum</span> <span class='ocrx_word' id='word_1_213' title='bbox 488 1745 579 1790; x_wconf 80' lang='lat' dir='ltr'>affectui</span> <span class='ocrx_word' id='word_1_214' title='bbox 603 1746 744 1799; x_wconf 85' lang='lat' dir='ltr'>rationabili</span> 
     </span>
     <span class='ocr_line' id='line_1_29' title="bbox 65 1806 732 1852; baseline 0.002 -2"><span class='ocrx_word' id='word_1_215' title='bbox 65 1822 109 1851; x_wconf 92' lang='lat' dir='ltr'>non</span> <span class='ocrx_word' id='word_1_216' title='bbox 120 1821 175 1850; x_wconf 86' lang='lat' dir='ltr'>vero</span> <span class='ocrx_word' id='word_1_217' title='bbox 186 1807 343 1852; x_wconf 81' lang='lat' dir='ltr'>immoderato.</span> <span class='ocrx_word' id='word_1_218' title='bbox 355 1806 425 1850; x_wconf 83' lang='lat' dir='ltr'>Dixi:</span> <span class='ocrx_word' id='word_1_219' title='bbox 437 1807 500 1851; x_wconf 82' lang='lat' dir='ltr'>modo</span> <span class='ocrx_word' id='word_1_220' title='bbox 512 1806 564 1851; x_wconf 79' lang='lat' dir='ltr'>id</span> <span class='ocrx_word' id='word_1_221' title='bbox 555 1806 677 1851; x_wconf 70' lang='lat' dir='ltr'>arcadicum</span> <span class='ocrx_word' id='word_1_222' title='bbox 678 1810 732 1851; x_wconf 78' lang='lat' dir='ltr'>re</span> 
     </span>
     <span class='ocr_line' id='line_1_30' title="bbox 66 1842 747 1939; baseline -0.002 -31"><span class='ocrx_word' id='word_1_223' title='bbox 66 1866 141 1923; x_wconf 89' lang='lat' dir='ltr'>quia</span> <span class='ocrx_word' id='word_1_224' title='bbox 130 1865 188 1909; x_wconf 84' lang='lat' dir='ltr'>alias</span> <span class='ocrx_word' id='word_1_225' title='bbox 199 1866 236 1909; x_wconf 88' lang='lat' dir='ltr'>his</span> <span class='ocrx_word' id='word_1_226' title='bbox 244 1866 370 1910; x_wconf 87' lang='lat' dir='ltr'>consentiet</span> <span class='ocrx_word' id='word_1_227' title='bbox 380 1868 430 1909; x_wconf 83' lang='lat' dir='ltr'>tent</span> <span class='ocrx_word' id='word_1_228' title='bbox 431 1878 468 1909; x_wconf 86' lang='lat' dir='ltr'>um</span> <span class='ocrx_word' id='word_1_229' title='bbox 477 1867 500 1908; x_wconf 91' lang='lat' dir='ltr'>in</span> <span class='ocrx_word' id='word_1_230' title='bbox 510 1868 563 1922; x_wconf 86' lang='lat' dir='ltr'>pret</span> <span class='ocrx_word' id='word_1_231' title='bbox 564 1865 610 1908; x_wconf 88' lang='lat' dir='ltr'>ium</span> <span class='ocrx_word' id='word_1_232' title='bbox 620 1865 656 1909; x_wconf 86' lang='lat' dir='ltr'>rei</span> <span class='ocrx_word' id='word_1_233' title='bbox 665 1842 747 1939; x_wconf 52' lang='lat' dir='ltr'>secun}</span> 
     </span>
     <span class='ocr_line' id='line_1_31' title="bbox 66 1917 747 1981; baseline -0.005 -11"><span class='ocrx_word' id='word_1_234' title='bbox 66 1928 119 1970; x_wconf 91' lang='lat' dir='ltr'>dum</span> <span class='ocrx_word' id='word_1_235' title='bbox 127 1938 151 1969; x_wconf 86' lang='lat' dir='ltr'>se</span> <span class='ocrx_word' id='word_1_236' title='bbox 160 1928 267 1981; x_wconf 77' lang='lat' dir='ltr'>spectatae</span> <span class='ocrx_word' id='word_1_237' title='bbox 277 1930 300 1970; x_wconf 86' lang='lat' dir='ltr'>e</span> <span class='ocrx_word' id='word_1_238' title='bbox 309 1939 353 1970; x_wconf 92' lang='lat' dir='ltr'>non</span> <span class='ocrx_word' id='word_1_239' title='bbox 362 1925 386 1969; x_wconf 93' lang='lat' dir='ltr'>in</span> <span class='ocrx_word' id='word_1_240' title='bbox 395 1938 511 1970; x_wconf 84' lang='lat' dir='ltr'>excessum</span> <span class='ocrx_word' id='word_1_241' title='bbox 520 1925 681 1971; x_wconf 80' lang='lat' dir='ltr'>extrinsecum</span> <span class='ocrx_word' id='word_1_242' title='bbox 688 1917 747 1970; x_wconf 83' lang='lat' dir='ltr'>torte</span> 
     </span>
     <span class='ocr_line' id='line_1_32' title="bbox 66 1984 747 2040; baseline -0.003 -11"><span class='ocrx_word' id='word_1_243' title='bbox 66 2000 110 2029; x_wconf 92' lang='lat' dir='ltr'>non</span> <span class='ocrx_word' id='word_1_244' title='bbox 122 1987 247 2040; x_wconf 86' lang='lat' dir='ltr'>empturus,</span> <span class='ocrx_word' id='word_1_245' title='bbox 258 1985 277 2029; x_wconf 92' lang='lat' dir='ltr'>si</span> <span class='ocrx_word' id='word_1_246' title='bbox 287 1985 355 2030; x_wconf 87' lang='lat' dir='ltr'>sciret</span> <span class='ocrx_word' id='word_1_247' title='bbox 363 1997 412 2028; x_wconf 91' lang='lat' dir='ltr'>rem</span> <span class='ocrx_word' id='word_1_248' title='bbox 424 1984 544 2029; x_wconf 88' lang='lat' dir='ltr'>secundum</span> <span class='ocrx_word' id='word_1_249' title='bbox 555 1997 579 2028; x_wconf 90' lang='lat' dir='ltr'>se</span> <span class='ocrx_word' id='word_1_250' title='bbox 590 1984 647 2029; x_wconf 85' lang='lat' dir='ltr'>tant&#39;</span> <span class='ocrx_word' id='word_1_251' title='bbox 630 1988 700 2029; x_wconf 82' lang='lat' dir='ltr'>trnon</span> <span class='ocrx_word' id='word_1_252' title='bbox 708 1997 747 2028; x_wconf 80' lang='lat' dir='ltr'>ia·</span> 
     </span>
     <span class='ocr_line' id='line_1_33' title="bbox 65 2043 585 2101; baseline -0.006 -11"><span class='ocrx_word' id='word_1_253' title='bbox 65 2047 123 2101; x_wconf 89' lang='lat' dir='ltr'>lere,</span> <span class='ocrx_word' id='word_1_254' title='bbox 136 2047 160 2089; x_wconf 87' lang='lat' dir='ltr'>et</span> <span class='ocrx_word' id='word_1_255' title='bbox 170 2043 227 2089; x_wconf 90' lang='lat' dir='ltr'>alios</span> <span class='ocrx_word' id='word_1_256' title='bbox 238 2048 316 2101; x_wconf 88' lang='lat' dir='ltr'>postea</span> <span class='ocrx_word' id='word_1_257' title='bbox 326 2046 483 2101; x_wconf 87' lang='lat' dir='ltr'>decepturus.</span> <span class='ocrx_word' id='word_1_258' title='bbox 584 2084 585 2087; x_wconf 75' lang='grc'>,</span> 
     </span>
     <span class='ocr_line' id='line_1_34' title="bbox 60 2081 748 2174; baseline -0.004 -24"><span class='ocrx_word' id='word_1_259' title='bbox 60 2144 63 2150; x_wconf 35' lang='lat' dir='ltr'>i</span> <span class='ocrx_word' id='word_1_260' title='bbox 95 2106 120 2150; x_wconf 81' lang='lat'>2.</span> <span class='ocrx_word' id='word_1_261' title='bbox 145 2104 211 2149; x_wconf 86' lang='lat' dir='ltr'>Licet</span> <span class='ocrx_word' id='word_1_262' title='bbox 201 2107 318 2160; x_wconf 84' lang='lat' dir='ltr'>tquoque</span> <span class='ocrx_word' id='word_1_263' title='bbox 338 2105 422 2174; x_wconf 87' lang='lat' dir='ltr'>pluris</span> <span class='ocrx_word' id='word_1_264' title='bbox 428 2106 550 2159; x_wconf 85' lang='lat' dir='ltr'>vendere,</span> <span class='ocrx_word' id='word_1_265' title='bbox 562 2104 581 2148; x_wconf 90' lang='lat' dir='ltr'>si</span> <span class='ocrx_word' id='word_1_266' title='bbox 604 2081 748 2163; x_wconf 69' lang='lat' dir='ltr'>verdensis</span> 
     </span>
     <span class='ocr_line' id='line_1_35' title="bbox 59 2138 748 2255; baseline -0.006 -43"><span class='ocrx_word' id='word_1_267' title='bbox 59 2138 133 2223; x_wconf 65' lang='lat' dir='ltr'>ualde</span> <span class='ocrx_word' id='word_1_268' title='bbox 144 2163 258 2220; x_wconf 82' lang='lat' dir='ltr'>indigeat</span> <span class='ocrx_word' id='word_1_269' title='bbox 264 2165 302 2208; x_wconf 87' lang='lat' dir='ltr'>vel</span> <span class='ocrx_word' id='word_1_270' title='bbox 315 2165 384 2211; x_wconf 87' lang='lat' dir='ltr'>merit</span> <span class='ocrx_word' id='word_1_271' title='bbox 385 2179 398 2209; x_wconf 89' lang='lat' dir='ltr'>o</span> <span class='ocrx_word' id='word_1_272' title='bbox 374 2165 452 2219; x_wconf 86' lang='lat' dir='ltr'>tsibi</span> <span class='ocrx_word' id='word_1_273' title='bbox 463 2139 544 2210; x_wconf 72' lang='lat' dir='ltr'>timeai</span> <span class='ocrx_word' id='word_1_274' title='bbox 535 2164 661 2209; x_wconf 84' lang='lat' dir='ltr'>tdamnum</span> <span class='ocrx_word' id='word_1_275' title='bbox 672 2178 699 2209; x_wconf 90' lang='lat' dir='ltr'>ex</span> <span class='ocrx_word' id='word_1_276' title='bbox 700 2178 748 2255; x_wconf 80' lang='lat' dir='ltr'>eo,</span> 
     </span>
    </p>
   </div>
   <div class='ocr_carea' id='block_1_3' title="bbox 58 2263 360 2347">
    <p class='ocr_par' dir='ltr' id='par_1_5' title="bbox 58 2263 736 2347">
     <span class='ocr_line' id='line_1_36' title="bbox 58 2263 360 2347; baseline -0.018 -9.747"><span class='ocrx_word' id='word_1_277' title='bbox 58 2299 173 2347; x_wconf 70' lang='lat' dir='ltr'>:piens</span> <span class='ocrx_word' id='word_1_278' title='bbox 176 2263 360 2344; x_wconf 58' lang='grc'>44444844,</span> 
     </span>
    </p>
   </div>
   <div class='ocr_carea' id='block_1_4' title="bbox 0 0 804 2464">
    <p class='ocr_par' dir='ltr' id='par_1_6' title="bbox 0 0 804 2464">
     <span class='ocr_line' id='line_1_37' title="bbox 0 0 804 2464; baseline 0 0"><span class='ocrx_word' id='word_1_279' title='bbox 0 0 804 2464; x_wconf 95' lang='lat' dir='ltr'> </span> 
     </span>
    </p>
   </div>
  </div>
 </body>
</html>
