1577 2464
249 38 309 69 ruas
324 18 352 79 11„
376 37 450 69 curor
465 33 491 69 111
632 36 634 39 ·
665 24 712 75 137

29 132 52 176 in
69 132 152 174 natura
169 141 246 179 unum,
259 125 282 169 in
296 125 398 182 personis
410 125 513 180 Trinum,
524 128 649 172 creatorem
662 143 703 173 oin«
765 128 767 134 ’

30 191 101 243 nium,
114 189 309 231 remuneratorem
325 186 434 228 bonorum
453 198 554 242 operum,
568 187 705 240 etmalorum

30 250 142 294 vindicem
158 247 323 303 justissimum,
336 246 371 301 qui
385 246 438 288 licet
448 246 517 289 toties
529 259 542 289 a
553 260 589 289 me
601 246 632 290 sis
642 248 707 289 offen«

31 323 77 363 sus,
88 311 181 364 paratus
195 310 271 349 tamen
287 319 311 349 es
326 304 381 348 mihi
397 305 523 361 ignoscere,
538 308 561 349 et
576 307 675 362 gratiam
685 308 710 351 ad
781 341 782 344 ,

30 370 127 413 satutem
148 366 298 410 necessariam
319 365 380 409 dare.
394 365 414 408 A
431 368 463 419 te,
479 379 520 422 per
537 366 621 410 merita
640 366 712 409 JESU

31 429 116 473 Christi
127 426 182 470 Filii
200 426 241 479 tui,
254 439 295 482 pro
315 438 351 468 me
366 425 486 480 incarnati,
499 426 569 482 passi,
580 427 603 470 et
612 426 636 468 in
647 438 712 468 cruce
746 450 748 453 -

30 488 123 541 mortui,
142 500 208 543 spero
222 487 364 542 peccatorum
379 498 481 528 meorum
495 485 594 540 veniam,
608 488 631 529 et
648 489 712 529 aeter-

31 562 82 592 nam
101 546 271 600 beatitudinem,
283 546 335 601 quia
348 547 396 589 haec
406 546 566 601 poenitentibus
578 548 601 590 et
612 546 653 589 tibi
663 561 709 590 ser<

31 608 81 649 vire
96 607 223 648 volentibus
238 605 361 661 promisisti
380 605 524 648 fidelissimus
535 608 558 647 et
573 606 702 660 omnipoten

31 665 103 711 Deus!
117 668 150 709 Ex
163 678 239 708 amore
251 665 284 708 tui
296 665 359 708 doleo
371 677 399 707 ex
410 667 458 711 toto
474 666 549 717 corde,
563 666 655 720 quodie
667 666 704 708 Do

32 727 117 769 minum
127 729 150 769 et
159 727 230 768 Deum
240 738 315 768 meurn
328 737 424 779 unquam
434 724 574 778 offenderim,
583 727 606 768 et
615 724 713 776 diabolo,
745 751 746 755 =

32 790 76 830 tuo¹
91 789 114 829 et
133 799 183 829 meo
201 785 260 828 hosti
280 784 434 828 serviverim:
453 787 528 828 statuo
548 785 654 842 deinceps
674 784 714 829 tibi

31 846 74 890 scii
86 846 181 899 servire,
195 848 218 887 et
232 847 255 887 te
272 858 384 899 nunquam
401 845 497 900 amplius
507 844 628 887 offendere.
641 845 675 888 Da
687 843 712 888 ad

32 907 55 949 id
73 907 164 949 uberem
176 905 286 961 gratiam3
306 904 358 957 scis,
371 905 428 960 qnod
448 904 496 948 sine
508 918 534 947 ea
551 904 607 948 nihil
618 906 713 961 possim:

32 966 54 1009 3.
71 966 96 1009 Si
118 965 166 1020 quis
189 965 248 1020 patri
268 968 307 1007 tuo
329 964 473 1018 detraheret,
486 977 536 1006 euni
556 964 711 1017 inhonoraret

32 1038 105 1069 nonne
119 1038 179 1081 aegre
196 1022 284 1067 serres‘t
294 1023 318 1066 Si
329 1022 379 1079 quis
390 1023 418 1066 ad
429 1026 525 1067 mortem
543 1024 713 1078 condemnatus,

32 1100 73 1129 sno
87 1085 204 1128 liberatori
219 1088 297 1139 postea
313 1083 425 1139 ingratus,
438 1097 488 1127 cum
506 1084 554 1140 ejus
565 1084 630 1128 hoste
647 1097 714 1127 cons-

32 1147 127 1203 piraret,
134 1145 240 1200 numquid
251 1144 337 1187 facinus
349 1146 409 1187 esset
419 1146 493 1187 morte
504 1143 611 1199 dignum?
621 1144 645 1187 Si
655 1144 714 1187 fitius

32 1207 142 1248 venderet
153 1218 215 1247 suain
224 1204 381 1247 haereditatem
389 1205 491 1246 teruncio
500 1215 504 1245 :
513 1205 531 1246 si
539 1207 604 1260 pater
610 1204 713 1247 familias

32 1267 135 1309 traderet
150 1265 216 1308 alteri
233 1265 322 1306 domum
344 1276 406 1306 suam
427 1277 468 1319 pro
481 1264 528 1319 tevi
545 1264 605 1319 gulae
617 1264 712 1318 delicio;

32 1325 139 1381 numquid
150 1324 243 1367 insaniae
252 1325 328 1367 essent
337 1321 525 1379 arguendiiEcce
534 1323 582 1367 haec
593 1323 669 1366 omnia
678 1336 726 1383 cas,
787 1325 788 1329 ’

33 1386 88 1429 dunt
98 1386 121 1428 in
135 1385 258 1438 hominem,
270 1383 307 1440 qui
320 1385 391 1427 Deum
408 1383 511 1439 graviter
526 1383 626 1427 offendit.
639 1379 733 1430 Num-'³

32 1445 86 1499 quid
107 1445 171 1487 Judae
186 1445 258 1487 scelus
277 1445 423 1496 detestamur,
442 1443 481 1499 qui
504 1443 618 1488 Christum
633 1443 715 1486 vendi-

32 1504 66 1548 dit
85 1503 115 1548 30
126 1500 255 1560 argenteis?
263 1503 301 1556 An
313 1516 356 1546 non
366 1502 470 1546 insanum
486 1502 580 1546 dicimus
595 1502 664 1557 Esau,
676 1501 715 1559 qui

32 1563 100 1607 fratri
112 1578 151 1607 suo
170 1564 238 1605 Jacob
255 1576 296 1619 pro
313 1562 387 1606 edulio
401 1562 470 1605 lentis
485 1562 587 1606 vendidit
597 1562 715 1619 primoge-

32 1623 95 1667 nita?
103 1624 160 1666 Ecce
169 1623 232 1678 ch'us
242 1622 305 1676 facit,
313 1622 350 1678 qui
360 1622 426 1678 gravi
433 1625 524 1679 peccato
532 1623 604 1666 Deum
613 1622 714 1665 offendit.

32 1684 118 1728 Vendit
129 1683 187 1725 enim
200 1695 277 1738 prore
295 1682 360 1726 nihili
372 1684 481 1727 aeternam
496 1683 518 1725 in
536 1682 599 1725 ecelis
610 1685 714 1739 paratam

33 1743 76 1787 eibi
98 1743 268 1795 hoereditatem3
288 1742 378 1786 abdicat
397 1755 410 1785 a
431 1755 456 1786 se
475 1741 599 1796 Christum,
615 1743 717 1786 adhaeret

33 1803 82 1860 eJ'us
95 1803 164 1856 hosti,
177 1806 250 1859 ipsum
267 1801 364 1845 luhidrio
382 1801 488 1858 exponit,
499 1802 563 1858 quasi
579 1805 657 1846 tantus
667 1801 717 1858 ejus

32 1863 55 1906 in
67 1876 107 1907 uos
119 1875 182 1906 amor
193 1875 236 1905 non
246 1864 374 1904 mereretur
385 1862 535 1906 obedientiam
544 1862 567 1907 iu
578 1875 604 1905 re
614 1861 714 1915 tantilla,

33 1926 57 1964 et
72 1925 201 1966 mereretur
212 1919 286 1963 audiri
301 1919 412 1975 diabolus,
423 1921 461 1976 qui
476 1935 516 1965 nos
528 1921 583 1976 odit,
594 1923 618 1966 et
635 1922 742 1978 quaeritas

32 1983 136 2038 perdere.
156 1982 231 2034 Certe,
250 1979 327 2038 siper
346 1980 392 2023 tale
409 1981 462 2036 quid
480 1981 604 2029 admissum
621 1981 717 2037 perdere

33 2041 127 2085 deheres
135 2053 247 2093 summam
257 2051 352 2098 gravem
363 2040 474 2096 pecuniae,
483 2040 506 2085 id
515 2054 558 2085 non
568 2040 664 2098 faceres,
672 2042 714 2085 ete.

320 2186 422 2199 —n
