<?xml version="1.0" encoding="UTF-8"?>
<!DOCTYPE html PUBLIC "-//W3C//DTD XHTML 1.0 Transitional//EN"
    "http://www.w3.org/TR/xhtml1/DTD/xhtml1-transitional.dtd">
<html xmlns="http://www.w3.org/1999/xhtml" xml:lang="en" lang="en">
 <head>
  <title>
</title>
<meta http-equiv="Content-Type" content="text/html;charset=utf-8" />
  <meta name='ocr-system' content='tesseract 3.04.00' />
  <meta name='ocr-capabilities' content='ocr_page ocr_carea ocr_par ocr_line ocrx_word'/>
</head>
<body>
  <div class='ocr_page' id='page_1' title='image "MN5128ucmf_0_0062.png"; bbox 0 0 1567 2412; ppageno 0'>
   <div class='ocr_carea' id='block_1_1' title="bbox 54 79 650 146">
    <p class='ocr_par' dir='ltr' id='par_1_1' title="bbox 54 79 684 146">
     <span class='ocr_line' id='line_1_1' title="bbox 54 79 650 146; baseline 0.005 -18"><span class='ocrx_word' id='word_1_1' title='bbox 54 83 86 128; x_wconf 75' lang='lat'>40</span> <span class='ocrx_word' id='word_1_2' title='bbox 137 79 367 146; x_wconf 75' lang='lat' dir='ltr'>nno-conanssnams</span> <span class='ocrx_word' id='word_1_3' title='bbox 383 96 494 142; x_wconf 78' lang='lat' dir='ltr'>rnncrtcu</span> <span class='ocrx_word' id='word_1_4' title='bbox 510 96 650 140; x_wconf 81' lang='lat' dir='ltr'>rusrnucrus</span> 
     </span>
    </p>
   </div>
   <div class='ocr_carea' id='block_1_2' title="bbox 1 181 775 1846">
    <p class='ocr_par' dir='ltr' id='par_1_2' title="bbox 1 181 775 1665">
     <span class='ocr_line' id='line_1_2' title="bbox 56 181 765 241; baseline 0.006 -15"><span class='ocrx_word' id='word_1_5' title='bbox 56 184 103 227; x_wconf 89' lang='lat' dir='ltr'>test</span> <span class='ocrx_word' id='word_1_6' title='bbox 119 182 214 226; x_wconf 79' lang='lat' dir='ltr'>German</span> <span class='ocrx_word' id='word_1_7' title='bbox 225 182 252 226; x_wconf 87' lang='lat' dir='ltr'>de</span> <span class='ocrx_word' id='word_1_8' title='bbox 263 183 327 227; x_wconf 86' lang='lat' dir='ltr'>Poen.</span> <span class='ocrx_word' id='word_1_9' title='bbox 338 196 353 228; x_wconf 92' lang='lat' dir='ltr'>a</span> <span class='ocrx_word' id='word_1_10' title='bbox 364 195 386 226; x_wconf 90' lang='lat' dir='ltr'>n.</span> <span class='ocrx_word' id='word_1_11' title='bbox 399 181 456 238; x_wconf 76' lang='lat'>2323</span> <span class='ocrx_word' id='word_1_12' title='bbox 466 181 527 227; x_wconf 82' lang='lat' dir='ltr'>Viva</span> <span class='ocrx_word' id='word_1_13' title='bbox 537 182 562 226; x_wconf 92' lang='lat' dir='ltr'>in</span> <span class='ocrx_word' id='word_1_14' title='bbox 574 181 696 241; x_wconf 81' lang='lat' dir='ltr'>appendice</span> <span class='ocrx_word' id='word_1_15' title='bbox 706 184 735 230; x_wconf 86' lang='lat' dir='ltr'>ad</span> <span class='ocrx_word' id='word_1_16' title='bbox 764 237 765 240; x_wconf 8' lang='grc' dir='ltr'><strong>Ἴ</strong></span> 
     </span>
     <span class='ocr_line' id='line_1_3' title="bbox 57 240 735 303; baseline 0.001 -16"><span class='ocrx_word' id='word_1_17' title='bbox 57 244 200 295; x_wconf 50' lang='lat' dir='ltr'>damnatam</span> <span class='ocrx_word' id='word_1_18' title='bbox 217 240 253 287; x_wconf 86' lang='lat' dir='ltr'>m.</span> <span class='ocrx_word' id='word_1_19' title='bbox 270 243 338 287; x_wconf 89' lang='lat' dir='ltr'>Aliud</span> <span class='ocrx_word' id='word_1_20' title='bbox 355 245 390 287; x_wconf 87' lang='lat' dir='ltr'>est</span> <span class='ocrx_word' id='word_1_21' title='bbox 400 243 427 285; x_wconf 89' lang='lat' dir='ltr'>de</span> <span class='ocrx_word' id='word_1_22' title='bbox 444 243 584 287; x_wconf 88' lang='lat' dir='ltr'>absolutione</span> <span class='ocrx_word' id='word_1_23' title='bbox 599 258 613 287; x_wconf 91' lang='lat' dir='ltr'>a</span> <span class='ocrx_word' id='word_1_24' title='bbox 623 245 735 303; x_wconf 85' lang='lat' dir='ltr'>censuris,</span> 
     </span>
     <span class='ocr_line' id='line_1_4' title="bbox 32 302 734 363; baseline 0.003 -16"><span class='ocrx_word' id='word_1_25' title='bbox 32 339 34 347; x_wconf 41' lang='lat' dir='ltr'>t</span> <span class='ocrx_word' id='word_1_26' title='bbox 57 316 116 361; x_wconf 83' lang='lat' dir='ltr'>quae,</span> <span class='ocrx_word' id='word_1_27' title='bbox 127 303 179 359; x_wconf 87' lang='lat' dir='ltr'>quia</span> <span class='ocrx_word' id='word_1_28' title='bbox 188 303 281 359; x_wconf 85' lang='lat' dir='ltr'>scripto,</span> <span class='ocrx_word' id='word_1_29' title='bbox 293 304 344 346; x_wconf 90' lang='lat' dir='ltr'>hinc</span> <span class='ocrx_word' id='word_1_30' title='bbox 355 307 378 346; x_wconf 88' lang='lat' dir='ltr'>et</span> <span class='ocrx_word' id='word_1_31' title='bbox 387 302 474 346; x_wconf 78' lang='lat' dir='ltr'>absenti</span> <span class='ocrx_word' id='word_1_32' title='bbox 483 303 596 359; x_wconf 89' lang='lat' dir='ltr'>impertiri</span> <span class='ocrx_word' id='word_1_33' title='bbox 605 307 680 360; x_wconf 87' lang='lat' dir='ltr'>potest</span> <span class='ocrx_word' id='word_1_34' title='bbox 691 303 734 363; x_wconf 87' lang='lat'>(1).</span> 
     </span>
     <span class='ocr_line' id='line_1_5' title="bbox 56 362 736 420; baseline 0.001 -13"><span class='ocrx_word' id='word_1_35' title='bbox 56 363 123 407; x_wconf 84' lang='lat' dir='ltr'>Dixi:</span> <span class='ocrx_word' id='word_1_36' title='bbox 133 362 247 408; x_wconf 78' lang='lat' dir='ltr'>Promoti</span> <span class='ocrx_word' id='word_1_37' title='bbox 254 362 372 408; x_wconf 77' lang='lat' dir='ltr'>moraliter</span> <span class='ocrx_word' id='word_1_38' title='bbox 379 365 468 419; x_wconf 81' lang='lat' dir='ltr'>tartaro,</span> <span class='ocrx_word' id='word_1_39' title='bbox 477 364 538 420; x_wconf 89' lang='lat' dir='ltr'>quia,</span> <span class='ocrx_word' id='word_1_40' title='bbox 550 365 678 408; x_wconf 88' lang='lat' dir='ltr'>oumvcrba</span> <span class='ocrx_word' id='word_1_41' title='bbox 686 366 736 408; x_wconf 82' lang='lat' dir='ltr'>lor-</span> 
     </span>
     <span class='ocr_line' id='line_1_6' title="bbox 57 421 736 478; baseline 0 -11"><span class='ocrx_word' id='word_1_42' title='bbox 57 422 126 467; x_wconf 86' lang='lat' dir='ltr'>malia</span> <span class='ocrx_word' id='word_1_43' title='bbox 137 423 164 465; x_wconf 88' lang='lat' dir='ltr'>ad</span> <span class='ocrx_word' id='word_1_44' title='bbox 179 426 314 477; x_wconf 70' lang='lat' dir='ltr'>praesentem</span> <span class='ocrx_word' id='word_1_45' title='bbox 325 421 443 466; x_wconf 86' lang='lat' dir='ltr'>moraliter</span> <span class='ocrx_word' id='word_1_46' title='bbox 455 423 560 477; x_wconf 85' lang='lat' dir='ltr'>usurpari</span> <span class='ocrx_word' id='word_1_47' title='bbox 571 424 667 478; x_wconf 85' lang='lat' dir='ltr'>possint,</span> <span class='ocrx_word' id='word_1_48' title='bbox 679 423 736 467; x_wconf 87' lang='lat' dir='ltr'>nihil</span> 
     </span>
     <span class='ocr_line' id='line_1_7' title="bbox 59 477 736 538; baseline 0.001 -13"><span class='ocrx_word' id='word_1_49' title='bbox 59 483 141 536; x_wconf 84' lang='lat' dir='ltr'>obstat,</span> <span class='ocrx_word' id='word_1_50' title='bbox 155 477 208 538; x_wconf 81' lang='lat' dir='ltr'>&#39;quin</span> <span class='ocrx_word' id='word_1_51' title='bbox 225 481 244 525; x_wconf 83' lang='lat' dir='ltr'>is</span> <span class='ocrx_word' id='word_1_52' title='bbox 261 479 348 526; x_wconf 77' lang='lat' dir='ltr'>absolvi</span> <span class='ocrx_word' id='word_1_53' title='bbox 364 479 444 537; x_wconf 84' lang='lat' dir='ltr'>possit.</span> <span class='ocrx_word' id='word_1_54' title='bbox 460 480 569 526; x_wconf 73' lang='lat' dir='ltr'>Consistit</span> <span class='ocrx_word' id='word_1_55' title='bbox 583 484 659 525; x_wconf 89' lang='lat' dir='ltr'>autem</span> <span class='ocrx_word' id='word_1_56' title='bbox 673 493 736 538; x_wconf 85' lang='lat' dir='ltr'>prae-</span> 
     </span>
     <span class='ocr_line' id='line_1_8' title="bbox 57 539 737 587; baseline 0.003 -2"><span class='ocrx_word' id='word_1_57' title='bbox 57 541 131 585; x_wconf 80' lang='lat' dir='ltr'>sentia</span> <span class='ocrx_word' id='word_1_58' title='bbox 147 540 241 586; x_wconf 86' lang='lat' dir='ltr'>moralis</span> <span class='ocrx_word' id='word_1_59' title='bbox 259 541 282 584; x_wconf 91' lang='lat' dir='ltr'>in</span> <span class='ocrx_word' id='word_1_60' title='bbox 302 551 329 584; x_wconf 89' lang='lat' dir='ltr'>ea</span> <span class='ocrx_word' id='word_1_61' title='bbox 350 539 552 585; x_wconf 80' lang='lat' dir='ltr'>communicatione</span> <span class='ocrx_word' id='word_1_62' title='bbox 573 543 697 585; x_wconf 86' lang='lat' dir='ltr'>sacerdotis</span> <span class='ocrx_word' id='word_1_63' title='bbox 713 545 737 587; x_wconf 87' lang='lat' dir='ltr'>et</span> 
     </span>
     <span class='ocr_line' id='line_1_9' title="bbox 56 599 736 658; baseline 0 -14"><span class='ocrx_word' id='word_1_64' title='bbox 56 600 198 658; x_wconf 85' lang='lat' dir='ltr'>poenitentis,</span> <span class='ocrx_word' id='word_1_65' title='bbox 209 603 235 644; x_wconf 89' lang='lat' dir='ltr'>nt</span> <span class='ocrx_word' id='word_1_66' title='bbox 247 599 379 644; x_wconf 87' lang='lat' dir='ltr'>seinvicem</span> <span class='ocrx_word' id='word_1_67' title='bbox 393 600 471 644; x_wconf 89' lang='lat' dir='ltr'>audire</span> <span class='ocrx_word' id='word_1_68' title='bbox 488 601 584 656; x_wconf 84' lang='lat' dir='ltr'>possint,</span> <span class='ocrx_word' id='word_1_69' title='bbox 596 613 623 644; x_wconf 90' lang='lat' dir='ltr'>ea</span> <span class='ocrx_word' id='word_1_70' title='bbox 633 614 689 643; x_wconf 89' lang='lat' dir='ltr'>voce</span> <span class='ocrx_word' id='word_1_71' title='bbox 699 601 736 644; x_wconf 88' lang='lat' dir='ltr'>lo·</span> 
     </span>
     <span class='ocr_line' id='line_1_10' title="bbox 58 658 737 717; baseline 0.001 -13"><span class='ocrx_word' id='word_1_72' title='bbox 58 663 161 717; x_wconf 76' lang='lat' dir='ltr'>qumtes,</span> <span class='ocrx_word' id='word_1_73' title='bbox 179 672 223 717; x_wconf 91' lang='lat' dir='ltr'>qua</span> <span class='ocrx_word' id='word_1_74' title='bbox 239 659 340 704; x_wconf 83' lang='lat' dir='ltr'>homines</span> <span class='ocrx_word' id='word_1_75' title='bbox 353 658 377 703; x_wconf 92' lang='lat' dir='ltr'>in</span> <span class='ocrx_word' id='word_1_76' title='bbox 395 670 506 704; x_wconf 89' lang='lat' dir='ltr'>commum</span> <span class='ocrx_word' id='word_1_77' title='bbox 523 659 634 717; x_wconf 90' lang='lat' dir='ltr'>colloquio</span> <span class='ocrx_word' id='word_1_78' title='bbox 650 660 684 705; x_wconf 86' lang='lat' dir='ltr'>uti</span> <span class='ocrx_word' id='word_1_79' title='bbox 702 673 737 705; x_wconf 90' lang='lat' dir='ltr'>sc·</span> 
     </span>
     <span class='ocr_line' id='line_1_11' title="bbox 58 718 737 775; baseline 0 -11"><span class='ocrx_word' id='word_1_80' title='bbox 58 722 115 773; x_wconf 87' lang='lat' dir='ltr'>ient,</span> <span class='ocrx_word' id='word_1_81' title='bbox 124 720 180 764; x_wconf 90' lang='lat' dir='ltr'>satis</span> <span class='ocrx_word' id='word_1_82' title='bbox 186 720 245 763; x_wconf 81' lang='lat' dir='ltr'>foret</span> <span class='ocrx_word' id='word_1_83' title='bbox 252 723 336 772; x_wconf 87' lang='lat' dir='ltr'>tamen,</span> <span class='ocrx_word' id='word_1_84' title='bbox 344 718 387 762; x_wconf 87' lang='lat' dir='ltr'>etsi</span> <span class='ocrx_word' id='word_1_85' title='bbox 394 720 509 775; x_wconf 90' lang='lat' dir='ltr'>aliquanto</span> <span class='ocrx_word' id='word_1_86' title='bbox 518 720 599 763; x_wconf 85' lang='lat' dir='ltr'>altiore</span> <span class='ocrx_word' id='word_1_87' title='bbox 610 733 665 763; x_wconf 90' lang='lat' dir='ltr'>voce</span> <span class='ocrx_word' id='word_1_88' title='bbox 672 722 737 764; x_wconf 88' lang='lat' dir='ltr'>uten-</span> 
     </span>
     <span class='ocr_line' id='line_1_12' title="bbox 59 778 737 834; baseline 0 -11"><span class='ocrx_word' id='word_1_89' title='bbox 59 778 737 834; x_wconf 78' lang='lat' dir='ltr'>duntesset.Hinc,quamvispoenitensJamexivissatexseda</span> 
     </span>
     <span class='ocr_line' id='line_1_13' title="bbox 59 838 736 894; baseline 0 -12"><span class='ocrx_word' id='word_1_90' title='bbox 59 838 225 892; x_wconf 79' lang='lat' dir='ltr'>confessionali‚</span> <span class='ocrx_word' id='word_1_91' title='bbox 237 838 256 881; x_wconf 89' lang='lat' dir='ltr'>si</span> <span class='ocrx_word' id='word_1_92' title='bbox 267 842 343 881; x_wconf 89' lang='lat' dir='ltr'>tamen</span> <span class='ocrx_word' id='word_1_93' title='bbox 354 838 427 880; x_wconf 88' lang='lat' dir='ltr'>adhuc</span> <span class='ocrx_word' id='word_1_94' title='bbox 441 838 472 881; x_wconf 87' lang='lat' dir='ltr'>sit</span> <span class='ocrx_word' id='word_1_95' title='bbox 481 838 505 880; x_wconf 91' lang='lat' dir='ltr'>in</span> <span class='ocrx_word' id='word_1_96' title='bbox 516 838 736 894; x_wconf 85' lang='lat' dir='ltr'>moralipraesentia,</span> 
     </span>
     <span class='ocr_line' id='line_1_14' title="bbox 1 893 775 954; baseline 0.004 -14"><span class='ocrx_word' id='word_1_97' title='bbox 1 909 3 911; x_wconf 72' lang='grc'>’</span> <span class='ocrx_word' id='word_1_98' title='bbox 59 897 147 941; x_wconf 85' lang='lat' dir='ltr'>absolvi</span> <span class='ocrx_word' id='word_1_99' title='bbox 162 898 237 954; x_wconf 87' lang='lat' dir='ltr'>potest</span> <span class='ocrx_word' id='word_1_100' title='bbox 253 899 277 940; x_wconf 90' lang='lat' dir='ltr'>ct</span> <span class='ocrx_word' id='word_1_101' title='bbox 291 897 365 951; x_wconf 88' lang='lat' dir='ltr'>debet,</span> <span class='ocrx_word' id='word_1_102' title='bbox 385 896 452 952; x_wconf 82' lang='lat' dir='ltr'>idque</span> <span class='ocrx_word' id='word_1_103' title='bbox 465 893 533 953; x_wconf 83' lang='lat' dir='ltr'>juxta</span> <span class='ocrx_word' id='word_1_104' title='bbox 547 897 606 953; x_wconf 81' lang='lat' dir='ltr'>Lug.</span> <span class='ocrx_word' id='word_1_105' title='bbox 618 898 699 941; x_wconf 88' lang='lat' dir='ltr'>Tamb.</span> <span class='ocrx_word' id='word_1_106' title='bbox 714 901 738 943; x_wconf 90' lang='lat' dir='ltr'>et</span> <span class='ocrx_word' id='word_1_107' title='bbox 773 925 775 927; x_wconf 95' lang='lat'>-</span> 
     </span>
     <span class='ocr_line' id='line_1_15' title="bbox 58 954 738 1014; baseline 0.001 -13"><span class='ocrx_word' id='word_1_108' title='bbox 58 958 124 1009; x_wconf 89' lang='lat' dir='ltr'>alios,</span> <span class='ocrx_word' id='word_1_109' title='bbox 131 958 175 1000; x_wconf 84' lang='lat' dir='ltr'>etsi</span> <span class='ocrx_word' id='word_1_110' title='bbox 183 957 229 1014; x_wconf 84' lang='lat' dir='ltr'>jam</span> <span class='ocrx_word' id='word_1_111' title='bbox 238 955 354 1000; x_wconf 85' lang='lat' dir='ltr'>immixtus</span> <span class='ocrx_word' id='word_1_112' title='bbox 362 954 422 1009; x_wconf 87' lang='lat' dir='ltr'>aliis,</span> <span class='ocrx_word' id='word_1_113' title='bbox 434 959 458 1000; x_wconf 91' lang='lat' dir='ltr'>ut</span> <span class='ocrx_word' id='word_1_114' title='bbox 467 956 540 1000; x_wconf 87' lang='lat' dir='ltr'>videri</span> <span class='ocrx_word' id='word_1_115' title='bbox 550 969 593 999; x_wconf 91' lang='lat' dir='ltr'>non</span> <span class='ocrx_word' id='word_1_116' title='bbox 600 961 676 1012; x_wconf 88' lang='lat' dir='ltr'>posset</span> <span class='ocrx_word' id='word_1_117' title='bbox 685 957 738 1013; x_wconf 89' lang='lat' dir='ltr'>quia</span> 
     </span>
     <span class='ocr_line' id='line_1_16' title="bbox 59 1014 738 1071; baseline 0 -10"><span class='ocrx_word' id='word_1_118' title='bbox 59 1016 204 1061; x_wconf 89' lang='lat' dir='ltr'>nihilominus</span> <span class='ocrx_word' id='word_1_119' title='bbox 215 1019 250 1060; x_wconf 89' lang='lat' dir='ltr'>est</span> <span class='ocrx_word' id='word_1_120' title='bbox 261 1014 379 1059; x_wconf 77' lang='lat' dir='ltr'>moraliter</span> <span class='ocrx_word' id='word_1_121' title='bbox 389 1026 490 1071; x_wconf 85' lang='lat' dir='ltr'>praesens</span> <span class='ocrx_word' id='word_1_122' title='bbox 502 1025 508 1058; x_wconf 76' lang='lat' dir='ltr'>t</span> <span class='ocrx_word' id='word_1_123' title='bbox 519 1015 646 1071; x_wconf 78' lang='lat' dir='ltr'>retinetque</span> <span class='ocrx_word' id='word_1_124' title='bbox 654 1017 738 1061; x_wconf 81' lang='lat' dir='ltr'>volun·</span> 
     </span>
     <span class='ocr_line' id='line_1_17' title="bbox 60 1074 739 1130; baseline 0.001 -11"><span class='ocrx_word' id='word_1_125' title='bbox 60 1080 131 1120; x_wconf 87' lang='lat' dir='ltr'>tatem</span> <span class='ocrx_word' id='word_1_126' title='bbox 142 1074 289 1118; x_wconf 79' lang='lat' dir='ltr'>absolutionis</span> <span class='ocrx_word' id='word_1_127' title='bbox 300 1075 445 1130; x_wconf 85' lang='lat' dir='ltr'>accipiendae,</span> <span class='ocrx_word' id='word_1_128' title='bbox 456 1075 561 1130; x_wconf 87' lang='lat' dir='ltr'>quamdiu</span> <span class='ocrx_word' id='word_1_129' title='bbox 574 1087 623 1118; x_wconf 88' lang='lat' dir='ltr'>eam</span> <span class='ocrx_word' id='word_1_130' title='bbox 639 1088 683 1119; x_wconf 89' lang='lat' dir='ltr'>non</span> <span class='ocrx_word' id='word_1_131' title='bbox 698 1088 739 1120; x_wconf 86' lang='lat' dir='ltr'>ac·</span> 
     </span>
     <span class='ocr_line' id='line_1_18' title="bbox 59 1132 739 1192; baseline -0.003 -13"><span class='ocrx_word' id='word_1_132' title='bbox 59 1134 128 1192; x_wconf 85' lang='lat' dir='ltr'>oepit.</span> <span class='ocrx_word' id='word_1_133' title='bbox 142 1134 205 1183; x_wconf 85' lang='lat' dir='ltr'>Quod</span> <span class='ocrx_word' id='word_1_134' title='bbox 216 1136 292 1177; x_wconf 87' lang='lat' dir='ltr'>autem</span> <span class='ocrx_word' id='word_1_135' title='bbox 301 1132 400 1190; x_wconf 81' lang='lat' dir='ltr'>Moyaq.</span> <span class='ocrx_word' id='word_1_136' title='bbox 409 1132 433 1183; x_wconf 82' lang='lat'>5,</span> <span class='ocrx_word' id='word_1_137' title='bbox 445 1146 507 1175; x_wconf 88' lang='lat' dir='ltr'>num.</span> <span class='ocrx_word' id='word_1_138' title='bbox 519 1133 557 1188; x_wconf 79' lang='lat'>32,</span> <span class='ocrx_word' id='word_1_139' title='bbox 568 1133 636 1188; x_wconf 84' lang='lat' dir='ltr'>dicat,</span> <span class='ocrx_word' id='word_1_140' title='bbox 646 1147 739 1178; x_wconf 87' lang='lat' dir='ltr'>manere</span> 
     </span>
     <span class='ocr_line' id='line_1_19' title="bbox 54 1192 740 1252; baseline 0.001 -13"><span class='ocrx_word' id='word_1_141' title='bbox 54 1193 179 1252; x_wconf 27' lang='lat' dir='ltr'>,moraliter</span> <span class='ocrx_word' id='word_1_142' title='bbox 192 1196 337 1251; x_wconf 84' lang='lat' dir='ltr'>praesentem,</span> <span class='ocrx_word' id='word_1_143' title='bbox 350 1192 456 1249; x_wconf 87' lang='lat' dir='ltr'>quamdiu</span> <span class='ocrx_word' id='word_1_144' title='bbox 472 1193 545 1236; x_wconf 87' lang='lat' dir='ltr'>videri</span> <span class='ocrx_word' id='word_1_145' title='bbox 561 1198 601 1237; x_wconf 89' lang='lat' dir='ltr'>aut</span> <span class='ocrx_word' id='word_1_146' title='bbox 611 1207 677 1238; x_wconf 86' lang='lat' dir='ltr'>sensu</span> <span class='ocrx_word' id='word_1_147' title='bbox 688 1207 740 1251; x_wconf 81' lang='lat' dir='ltr'>per.-</span> 
     </span>
     <span class='ocr_line' id='line_1_20' title="bbox 61 1250 739 1310; baseline -0.001 -11"><span class='ocrx_word' id='word_1_148' title='bbox 61 1254 106 1310; x_wconf 83' lang='lat' dir='ltr'>cipi</span> <span class='ocrx_word' id='word_1_149' title='bbox 117 1256 200 1309; x_wconf 88' lang='lat' dir='ltr'>potest,</span> <span class='ocrx_word' id='word_1_150' title='bbox 212 1252 302 1297; x_wconf 84' lang='lat' dir='ltr'>videtur</span> <span class='ocrx_word' id='word_1_151' title='bbox 313 1250 416 1306; x_wconf 87' lang='lat' dir='ltr'>nimium,</span> <span class='ocrx_word' id='word_1_152' title='bbox 428 1251 482 1309; x_wconf 89' lang='lat' dir='ltr'>quia</span> <span class='ocrx_word' id='word_1_153' title='bbox 492 1252 581 1309; x_wconf 85' lang='lat' dir='ltr'>longius</span> <span class='ocrx_word' id='word_1_154' title='bbox 592 1252 663 1297; x_wconf 87' lang='lat' dir='ltr'>libero</span> <span class='ocrx_word' id='word_1_155' title='bbox 675 1255 739 1298; x_wconf 89' lang='lat' dir='ltr'>oculo</span> 
     </span>
     <span class='ocr_line' id='line_1_21' title="bbox 31 1311 740 1368; baseline 0.003 -12"><span class='ocrx_word' id='word_1_156' title='bbox 31 1320 33 1323; x_wconf 58' lang='lat'><em>⁴</em></span> <span class='ocrx_word' id='word_1_157' title='bbox 61 1314 128 1357; x_wconf 90' lang='lat' dir='ltr'>homo</span> <span class='ocrx_word' id='word_1_158' title='bbox 140 1311 213 1355; x_wconf 86' lang='lat' dir='ltr'>videri</span> <span class='ocrx_word' id='word_1_159' title='bbox 224 1314 307 1368; x_wconf 87' lang='lat' dir='ltr'>potest,</span> <span class='ocrx_word' id='word_1_160' title='bbox 319 1323 386 1368; x_wconf 89' lang='lat' dir='ltr'>quam</span> <span class='ocrx_word' id='word_1_161' title='bbox 399 1311 427 1354; x_wconf 90' lang='lat' dir='ltr'>ad</span> <span class='ocrx_word' id='word_1_162' title='bbox 438 1323 489 1354; x_wconf 90' lang='lat' dir='ltr'>eum</span> <span class='ocrx_word' id='word_1_163' title='bbox 500 1311 551 1354; x_wconf 84' lang='lat' dir='ltr'>fieri</span> <span class='ocrx_word' id='word_1_164' title='bbox 561 1312 632 1368; x_wconf 89' lang='lat' dir='ltr'>possit</span> <span class='ocrx_word' id='word_1_165' title='bbox 641 1314 740 1359; x_wconf 87' lang='lat' dir='ltr'>humana</span> 
     </span>
     <span class='ocr_line' id='line_1_22' title="bbox 59 1370 740 1430; baseline 0 -13"><span class='ocrx_word' id='word_1_166' title='bbox 59 1371 144 1418; x_wconf 86' lang='lat' dir='ltr'>locutio</span> <span class='ocrx_word' id='word_1_167' title='bbox 154 1371 196 1430; x_wconf 75' lang='lat'><strong>(2).</strong></span> <span class='ocrx_word' id='word_1_168' title='bbox 206 1370 281 1416; x_wconf 89' lang='lat' dir='ltr'>Multo</span> <span class='ocrx_word' id='word_1_169' title='bbox 290 1371 365 1415; x_wconf 90' lang='lat' dir='ltr'>minus</span> <span class='ocrx_word' id='word_1_170' title='bbox 372 1370 462 1426; x_wconf 79' lang='lat' dir='ltr'>sufficit,</span> <span class='ocrx_word' id='word_1_171' title='bbox 471 1372 530 1427; x_wconf 88' lang='lat' dir='ltr'>quod</span> <span class='ocrx_word' id='word_1_172' title='bbox 539 1371 690 1416; x_wconf 86' lang='lat' dir='ltr'>confessarius</span> <span class='ocrx_word' id='word_1_173' title='bbox 698 1373 740 1418; x_wconf 83' lang='lat' dir='ltr'>dc-</span> 
     </span>
     <span class='ocr_line' id='line_1_23' title="bbox 62 1429 741 1489; baseline -0.001 -11"><span class='ocrx_word' id='word_1_174' title='bbox 62 1445 124 1479; x_wconf 89' lang='lat' dir='ltr'>mum</span> <span class='ocrx_word' id='word_1_175' title='bbox 140 1431 225 1487; x_wconf 85' lang='lat' dir='ltr'>videat,</span> <span class='ocrx_word' id='word_1_176' title='bbox 237 1431 260 1476; x_wconf 91' lang='lat' dir='ltr'>in</span> <span class='ocrx_word' id='word_1_177' title='bbox 271 1442 315 1489; x_wconf 89' lang='lat' dir='ltr'>qua</span> <span class='ocrx_word' id='word_1_178' title='bbox 326 1429 440 1478; x_wconf 75' lang='lat' dir='ltr'>decumbit</span> <span class='ocrx_word' id='word_1_179' title='bbox 452 1430 575 1489; x_wconf 79' lang='lat' dir='ltr'>poenitens3</span> <span class='ocrx_word' id='word_1_180' title='bbox 588 1431 642 1488; x_wconf 89' lang='lat' dir='ltr'>quia</span> <span class='ocrx_word' id='word_1_181' title='bbox 655 1445 741 1489; x_wconf 88' lang='lat' dir='ltr'>prono·</span> 
     </span>
     <span class='ocr_line' id='line_1_24' title="bbox 61 1488 741 1547; baseline -0.001 -10"><span class='ocrx_word' id='word_1_182' title='bbox 61 1505 114 1537; x_wconf 86' lang='lat' dir='ltr'>meu</span> <span class='ocrx_word' id='word_1_183' title='bbox 123 1488 156 1536; x_wconf 79' lang='lat' dir='ltr'>l&#39;o</span> <span class='ocrx_word' id='word_1_184' title='bbox 162 1490 219 1534; x_wconf 87' lang='lat' dir='ltr'>satis</span> <span class='ocrx_word' id='word_1_185' title='bbox 226 1491 381 1540; x_wconf 82' lang='lat' dir='ltr'>demonstrare</span> <span class='ocrx_word' id='word_1_186' title='bbox 390 1492 518 1547; x_wconf 80' lang='lat' dir='ltr'>conpotest</span> <span class='ocrx_word' id='word_1_187' title='bbox 525 1491 681 1547; x_wconf 82' lang='lat' dir='ltr'>poenitentem,</span> <span class='ocrx_word' id='word_1_188' title='bbox 690 1504 741 1536; x_wconf 89' lang='lat' dir='ltr'>cum</span> 
     </span>
     <span class='ocr_line' id='line_1_25' title="bbox 62 1547 741 1606; baseline 0 -11"><span class='ocrx_word' id='word_1_189' title='bbox 62 1551 124 1595; x_wconf 87' lang='lat' dir='ltr'>nullo</span> <span class='ocrx_word' id='word_1_190' title='bbox 143 1559 210 1594; x_wconf 82' lang='lat' dir='ltr'>sensu</span> <span class='ocrx_word' id='word_1_191' title='bbox 226 1548 366 1606; x_wconf 73' lang='lat' dir='ltr'>percipiatur</span> <span class='ocrx_word' id='word_1_192' title='bbox 383 1560 398 1592; x_wconf 89' lang='lat' dir='ltr'>a</span> <span class='ocrx_word' id='word_1_193' title='bbox 417 1547 536 1605; x_wconf 84' lang='lat' dir='ltr'>loquente,</span> <span class='ocrx_word' id='word_1_194' title='bbox 555 1561 597 1592; x_wconf 86' lang='lat' dir='ltr'>nec</span> <span class='ocrx_word' id='word_1_195' title='bbox 617 1551 741 1595; x_wconf 86' lang='lat' dir='ltr'>sacerdotis</span> 
     </span>
     <span class='ocr_line' id='line_1_26' title="bbox 63 1606 565 1665; baseline -0.002 -13"><span class='ocrx_word' id='word_1_196' title='bbox 63 1610 134 1653; x_wconf 87' lang='lat' dir='ltr'>verba</span> <span class='ocrx_word' id='word_1_197' title='bbox 144 1609 242 1653; x_wconf 89' lang='lat' dir='ltr'>humano</span> <span class='ocrx_word' id='word_1_198' title='bbox 252 1608 318 1653; x_wconf 86' lang='lat' dir='ltr'>modo</span> <span class='ocrx_word' id='word_1_199' title='bbox 329 1606 445 1665; x_wconf 88' lang='lat' dir='ltr'>percipere</span> <span class='ocrx_word' id='word_1_200' title='bbox 455 1606 535 1665; x_wconf 83' lang='lat' dir='ltr'>possit.</span> <span class='ocrx_word' id='word_1_201' title='bbox 563 1640 565 1644; x_wconf 73' lang='lat'>‚</span> 
     </span>
    </p>

    <p class='ocr_par' dir='ltr' id='par_1_3' title="bbox 63 1666 743 1846">
     <span class='ocr_line' id='line_1_27' title="bbox 94 1666 742 1727; baseline 0.002 -14"><span class='ocrx_word' id='word_1_202' title='bbox 94 1669 132 1713; x_wconf 83' lang='lat'>32.</span> <span class='ocrx_word' id='word_1_203' title='bbox 140 1668 245 1725; x_wconf 83' lang='lat' dir='ltr'>-Resp</span> <span class='ocrx_word' id='word_1_204' title='bbox 256 1667 298 1712; x_wconf 90' lang='lat' dir='ltr'>XI.</span> <span class='ocrx_word' id='word_1_205' title='bbox 312 1667 366 1711; x_wconf 86' lang='lat' dir='ltr'>Dari</span> <span class='ocrx_word' id='word_1_206' title='bbox 374 1678 462 1725; x_wconf 90' lang='lat' dir='ltr'>quoque</span> <span class='ocrx_word' id='word_1_207' title='bbox 471 1667 537 1712; x_wconf 86' lang='lat' dir='ltr'>debet</span> <span class='ocrx_word' id='word_1_208' title='bbox 546 1666 658 1714; x_wconf 89' lang='lat' dir='ltr'>absolutio</span> <span class='ocrx_word' id='word_1_209' title='bbox 667 1667 742 1727; x_wconf 84' lang='lat' dir='ltr'>paeni-</span> 
     </span>
     <span class='ocr_line' id='line_1_28' title="bbox 63 1727 741 1786; baseline 0 -13"><span class='ocrx_word' id='word_1_210' title='bbox 63 1728 122 1775; x_wconf 88' lang='lat' dir='ltr'>tcnti</span> <span class='ocrx_word' id='word_1_211' title='bbox 133 1728 250 1786; x_wconf 85' lang='lat' dir='ltr'>disposito,</span> <span class='ocrx_word' id='word_1_212' title='bbox 263 1727 311 1771; x_wconf 84' lang='lat' dir='ltr'>sola</span> <span class='ocrx_word' id='word_1_213' title='bbox 321 1727 376 1771; x_wconf 88' lang='lat' dir='ltr'>licet</span> <span class='ocrx_word' id='word_1_214' title='bbox 386 1727 485 1770; x_wconf 87' lang='lat' dir='ltr'>venialia</span> <span class='ocrx_word' id='word_1_215' title='bbox 494 1728 604 1772; x_wconf 83' lang='lat' dir='ltr'>confesso.</span> <span class='ocrx_word' id='word_1_216' title='bbox 616 1730 685 1773; x_wconf 86' lang='lat' dir='ltr'>Ratio</span> <span class='ocrx_word' id='word_1_217' title='bbox 696 1732 741 1786; x_wconf 83' lang='lat' dir='ltr'>est,</span> 
     </span>
     <span class='ocr_line' id='line_1_29' title="bbox 64 1786 743 1846; baseline 0.003 -15"><span class='ocrx_word' id='word_1_218' title='bbox 64 1789 117 1846; x_wconf 88' lang='lat' dir='ltr'>quia</span> <span class='ocrx_word' id='word_1_219' title='bbox 128 1788 226 1831; x_wconf 87' lang='lat' dir='ltr'>venialia</span> <span class='ocrx_word' id='word_1_220' title='bbox 237 1790 289 1831; x_wconf 87' lang='lat' dir='ltr'>sunt</span> <span class='ocrx_word' id='word_1_221' title='bbox 300 1786 397 1831; x_wconf 89' lang='lat' dir='ltr'>materia</span> <span class='ocrx_word' id='word_1_222' title='bbox 413 1787 524 1830; x_wconf 89' lang='lat' dir='ltr'>sufficiens</span> <span class='ocrx_word' id='word_1_223' title='bbox 536 1789 677 1833; x_wconf 81' lang='lat' dir='ltr'>sacramenti</span> <span class='ocrx_word' id='word_1_224' title='bbox 692 1801 743 1845; x_wconf 84' lang='lat' dir='ltr'>pce·</span> 
     </span>
    </p>
   </div>
   <div class='ocr_carea' id='block_1_3' title="bbox 65 1845 744 1906">
    <p class='ocr_par' dir='ltr' id='par_1_4' title="bbox 65 1845 744 1906">
     <span class='ocr_line' id='line_1_30' title="bbox 65 1845 744 1906; baseline -0.001 -12"><span class='ocrx_word' id='word_1_225' title='bbox 65 1846 177 1901; x_wconf 85' lang='lat' dir='ltr'>nitentiae,</span> <span class='ocrx_word' id='word_1_226' title='bbox 189 1849 213 1892; x_wconf 91' lang='lat' dir='ltr'>et</span> <span class='ocrx_word' id='word_1_227' title='bbox 223 1845 335 1904; x_wconf 85' lang='lat' dir='ltr'>poenitens</span> <span class='ocrx_word' id='word_1_228' title='bbox 348 1858 389 1906; x_wconf 88' lang='lat' dir='ltr'>per</span> <span class='ocrx_word' id='word_1_229' title='bbox 400 1857 478 1891; x_wconf 87' lang='lat' dir='ltr'>eccum</span> <span class='ocrx_word' id='word_1_230' title='bbox 488 1847 652 1892; x_wconf 83' lang='lat' dir='ltr'>contessionem</span> <span class='ocrx_word' id='word_1_231' title='bbox 663 1848 744 1905; x_wconf 87' lang='lat' dir='ltr'>acqui-</span> 
     </span>
    </p>
   </div>
   <div class='ocr_carea' id='block_1_4' title="bbox 55 1947 746 2326">
    <p class='ocr_par' dir='ltr' id='par_1_5' title="bbox 87 1947 687 1998">
     <span class='ocr_line' id='line_1_31' title="bbox 87 1947 687 1998; baseline -0.005 -9"><span class='ocrx_word' id='word_1_232' title='bbox 87 1952 113 1996; x_wconf 75' lang='lat' dir='ltr'>[t]</span> <span class='ocrx_word' id='word_1_233' title='bbox 122 1953 140 1988; x_wconf 85' lang='lat' dir='ltr'>S.</span> <span class='ocrx_word' id='word_1_234' title='bbox 150 1952 202 1998; x_wconf 78' lang='lat' dir='ltr'>Aipb.</span> <span class='ocrx_word' id='word_1_235' title='bbox 212 1952 230 1996; x_wconf 86' lang='lat' dir='ltr'>l,</span> <span class='ocrx_word' id='word_1_236' title='bbox 239 1951 279 1989; x_wconf 84' lang='lat' dir='ltr'>ttt.</span> <span class='ocrx_word' id='word_1_237' title='bbox 289 1950 343 1987; x_wconf 80' lang='lat' dir='ltr'>Satin.</span> <span class='ocrx_word' id='word_1_238' title='bbox 354 1949 372 1988; x_wconf 77' lang='lat' dir='ltr'>d.</span> <span class='ocrx_word' id='word_1_239' title='bbox 382 1957 430 1988; x_wconf 81' lang='lat' dir='ltr'>tent.</span> <span class='ocrx_word' id='word_1_240' title='bbox 440 1961 456 1989; x_wconf 90' lang='lat' dir='ltr'>c.</span> <span class='ocrx_word' id='word_1_241' title='bbox 465 1948 483 1987; x_wconf 72' lang='lat'>2.</span> <span class='ocrx_word' id='word_1_242' title='bbox 496 1961 514 1996; x_wconf 89' lang='lat' dir='ltr'>p.</span> <span class='ocrx_word' id='word_1_243' title='bbox 524 1951 542 1988; x_wconf 74' lang='grc'>2.</span> <span class='ocrx_word' id='word_1_244' title='bbox 553 1961 571 1987; x_wconf 89' lang='lat' dir='ltr'>n.</span> <span class='ocrx_word' id='word_1_245' title='bbox 585 1950 613 1988; x_wconf 83' lang='lat' dir='ltr'>tt.</span> <span class='ocrx_word' id='word_1_246' title='bbox 671 1947 673 1971; x_wconf 69' lang='grc' dir='ltr'>ἶ</span> <span class='ocrx_word' id='word_1_247' title='bbox 686 1967 687 1970; x_wconf 59' lang='lat'><em>=</em></span> 
     </span>
    </p>

    <p class='ocr_par' dir='ltr' id='par_1_6' title="bbox 55 1997 746 2326">
     <span class='ocr_line' id='line_1_32' title="bbox 90 1997 745 2045; baseline 0.006 -11"><span class='ocrx_word' id='word_1_248' title='bbox 90 2000 113 2044; x_wconf 49' lang='grc' dir='ltr'>ἃ]</span> <span class='ocrx_word' id='word_1_249' title='bbox 125 2011 136 2032; x_wconf 89' lang='lat'>‹&lt;</span> <span class='ocrx_word' id='word_1_250' title='bbox 147 1999 241 2034; x_wconf 83' lang='lat' dir='ltr'>blcrito...</span> <span class='ocrx_word' id='word_1_251' title='bbox 258 1999 377 2034; x_wconf 84' lang='lat' dir='ltr'>Tambminus</span> <span class='ocrx_word' id='word_1_252' title='bbox 391 2007 427 2042; x_wconf 84' lang='lat' dir='ltr'>non</span> <span class='ocrx_word' id='word_1_253' title='bbox 442 1999 529 2044; x_wconf 82' lang='lat' dir='ltr'>approbat</span> <span class='ocrx_word' id='word_1_254' title='bbox 541 1997 646 2042; x_wconf 75' lang='lat' dir='ltr'>Laetilium,</span> <span class='ocrx_word' id='word_1_255' title='bbox 657 2009 688 2045; x_wconf 88' lang='lat' dir='ltr'>qm</span> <span class='ocrx_word' id='word_1_256' title='bbox 701 1999 745 2038; x_wconf 83' lang='lat' dir='ltr'>dicit</span> 
     </span>
     <span class='ocr_line' id='line_1_33' title="bbox 66 2044 746 2090; baseline 0.003 -10"><span class='ocrx_word' id='word_1_257' title='bbox 66 2046 111 2082; x_wconf 82' lang='lat' dir='ltr'>satis</span> <span class='ocrx_word' id='word_1_258' title='bbox 134 2053 171 2079; x_wconf 84' lang='lat' dir='ltr'>csse</span> <span class='ocrx_word' id='word_1_259' title='bbox 191 2044 214 2078; x_wconf 85' lang='lat' dir='ltr'>ad</span> <span class='ocrx_word' id='word_1_260' title='bbox 231 2045 341 2089; x_wconf 81' lang='lat' dir='ltr'>praesentiam</span> <span class='ocrx_word' id='word_1_261' title='bbox 359 2044 456 2088; x_wconf 84' lang='lat' dir='ltr'>moralem,</span> <span class='ocrx_word' id='word_1_262' title='bbox 474 2044 489 2077; x_wconf 85' lang='lat' dir='ltr'>si</span> <span class='ocrx_word' id='word_1_263' title='bbox 505 2045 588 2078; x_wconf 85' lang='lat' dir='ltr'>sacerdos</span> <span class='ocrx_word' id='word_1_264' title='bbox 610 2047 669 2080; x_wconf 82' lang='lat' dir='ltr'>videat</span> <span class='ocrx_word' id='word_1_265' title='bbox 687 2049 746 2090; x_wconf 80' lang='lat' dir='ltr'>poeui-</span> 
     </span>
     <span class='ocr_line' id='line_1_34' title="bbox 66 2086 746 2136; baseline 0.003 -8"><span class='ocrx_word' id='word_1_266' title='bbox 66 2096 133 2128; x_wconf 87' lang='lat' dir='ltr'>tentem</span> <span class='ocrx_word' id='word_1_267' title='bbox 145 2094 176 2125; x_wconf 84' lang='lat' dir='ltr'>aut</span> <span class='ocrx_word' id='word_1_268' title='bbox 192 2091 228 2125; x_wconf 88' lang='lat' dir='ltr'>alio</span> <span class='ocrx_word' id='word_1_269' title='bbox 244 2100 297 2125; x_wconf 84' lang='lat' dir='ltr'>sensu</span> <span class='ocrx_word' id='word_1_270' title='bbox 308 2086 395 2134; x_wconf 86' lang='lat' dir='ltr'>percipiat</span> <span class='ocrx_word' id='word_1_271' title='bbox 405 2114 411 2136; x_wconf 91' lang='lat'>‚</span> <span class='ocrx_word' id='word_1_272' title='bbox 420 2089 515 2136; x_wconf 77' lang='lat' dir='ltr'>prasentia</span> <span class='ocrx_word' id='word_1_273' title='bbox 527 2090 574 2125; x_wconf 87' lang='lat' dir='ltr'>enim</span> <span class='ocrx_word' id='word_1_274' title='bbox 589 2099 621 2135; x_wconf 86' lang='lat' dir='ltr'>pro</span> <span class='ocrx_word' id='word_1_275' title='bbox 635 2092 746 2131; x_wconf 82' lang='lat' dir='ltr'>absolutionc</span> 
     </span>
     <span class='ocr_line' id='line_1_35' title="bbox 55 2135 746 2182; baseline 0.006 -10"><span class='ocrx_word' id='word_1_276' title='bbox 55 2135 306 2181; x_wconf 74' lang='lat' dir='ltr'>‘majorcmpropinquitatom</span> <span class='ocrx_word' id='word_1_277' title='bbox 317 2137 400 2182; x_wconf 79' lang='lat' dir='ltr'>requirit¹</span> <span class='ocrx_word' id='word_1_278' title='bbox 415 2146 468 2182; x_wconf 87' lang='lat' dir='ltr'>quam</span> <span class='ocrx_word' id='word_1_279' title='bbox 477 2135 510 2181; x_wconf 80' lang='lat' dir='ltr'>pro</span> <span class='ocrx_word' id='word_1_280' title='bbox 518 2137 607 2171; x_wconf 81' lang='lat' dir='ltr'>audienda</span> <span class='ocrx_word' id='word_1_281' title='bbox 622 2139 746 2176; x_wconf 74' lang='lat' dir='ltr'>concionanti</span> 
     </span>
     <span class='ocr_line' id='line_1_36' title="bbox 67 2180 746 2231; baseline 0.004 -11"><span class='ocrx_word' id='word_1_282' title='bbox 67 2185 129 2221; x_wconf 84' lang='lat' dir='ltr'>missa.</span> <span class='ocrx_word' id='word_1_283' title='bbox 141 2183 191 2218; x_wconf 81' lang='lat' dir='ltr'>Unde</span> <span class='ocrx_word' id='word_1_284' title='bbox 198 2189 258 2221; x_wconf 85' lang='lat' dir='ltr'>censet</span> <span class='ocrx_word' id='word_1_285' title='bbox 272 2181 333 2218; x_wconf 86' lang='lat' dir='ltr'>Tamb.</span> <span class='ocrx_word' id='word_1_286' title='bbox 343 2185 356 2217; x_wconf 88' lang='grc' dir='ltr'>Ι.</span> <span class='ocrx_word' id='word_1_287' title='bbox 365 2180 376 2217; x_wconf 82' lang='grc'>5</span> <span class='ocrx_word' id='word_1_288' title='bbox 386 2185 404 2219; x_wconf 81' lang='lat' dir='ltr'>d.</span> <span class='ocrx_word' id='word_1_289' title='bbox 414 2191 461 2219; x_wconf 87' lang='lat' dir='ltr'>sacr.</span> <span class='ocrx_word' id='word_1_290' title='bbox 472 2190 520 2228; x_wconf 88' lang='lat' dir='ltr'>poen.</span> <span class='ocrx_word' id='word_1_291' title='bbox 535 2192 552 2218; x_wconf 91' lang='lat' dir='ltr'>c.</span> <span class='ocrx_word' id='word_1_292' title='bbox 561 2182 578 2218; x_wconf 83' lang='lat'>2.</span> <span class='ocrx_word' id='word_1_293' title='bbox 590 2191 608 2219; x_wconf 87' lang='lat' dir='ltr'>tt.</span> <span class='ocrx_word' id='word_1_294' title='bbox 626 2183 654 2220; x_wconf 83' lang='lat' dir='ltr'>tt.</span> <span class='ocrx_word' id='word_1_295' title='bbox 668 2184 716 2231; x_wconf 90' lang='lat' dir='ltr'>quod</span> <span class='ocrx_word' id='word_1_296' title='bbox 729 2187 746 2224; x_wconf 85' lang='lat' dir='ltr'>si</span> 
     </span>
     <span class='ocr_line' id='line_1_37' title="bbox 68 2228 746 2278; baseline 0.006 -13"><span class='ocrx_word' id='word_1_297' title='bbox 68 2231 108 2278; x_wconf 88' lang='lat' dir='ltr'>quis</span> <span class='ocrx_word' id='word_1_298' title='bbox 123 2229 220 2276; x_wconf 81' lang='lat' dir='ltr'>aliquanto</span> <span class='ocrx_word' id='word_1_299' title='bbox 234 2236 269 2263; x_wconf 87' lang='lat' dir='ltr'>ncn</span> <span class='ocrx_word' id='word_1_300' title='bbox 282 2233 343 2273; x_wconf 83' lang='lat' dir='ltr'>posset</span> <span class='ocrx_word' id='word_1_301' title='bbox 356 2229 392 2264; x_wconf 84' lang='lat' dir='ltr'>nisi</span> <span class='ocrx_word' id='word_1_302' title='bbox 404 2229 475 2274; x_wconf 70' lang='lat' dir='ltr'>alonge</span> <span class='ocrx_word' id='word_1_303' title='bbox 489 2228 565 2273; x_wconf 82' lang='lat' dir='ltr'>absolui,</span> <span class='ocrx_word' id='word_1_304' title='bbox 576 2234 619 2274; x_wconf 85' lang='lat' dir='ltr'>puta</span> <span class='ocrx_word' id='word_1_305' title='bbox 632 2231 648 2266; x_wconf 87' lang='lat' dir='ltr'>si</span> <span class='ocrx_word' id='word_1_306' title='bbox 663 2235 722 2268; x_wconf 85' lang='lat' dir='ltr'>rueret</span> <span class='ocrx_word' id='word_1_307' title='bbox 735 2242 746 2269; x_wconf 87' lang='lat' dir='ltr'>e</span> 
     </span>
     <span class='ocr_line' id='line_1_38' title="bbox 67 2273 744 2326; baseline 0 -13"><span class='ocrx_word' id='word_1_308' title='bbox 67 2283 121 2322; x_wconf 81' lang='lat' dir='ltr'>totto,</span> <span class='ocrx_word' id='word_1_309' title='bbox 131 2282 173 2314; x_wconf 85' lang='lat' dir='ltr'>tunc</span> <span class='ocrx_word' id='word_1_310' title='bbox 181 2273 270 2312; x_wconf 81' lang='lat' dir='ltr'>absolutio</span> <span class='ocrx_word' id='word_1_311' title='bbox 277 2273 311 2310; x_wconf 85' lang='lat' dir='ltr'>sub</span> <span class='ocrx_word' id='word_1_312' title='bbox 316 2274 419 2323; x_wconf 79' lang='lat' dir='ltr'>conditiom</span> <span class='ocrx_word' id='word_1_313' title='bbox 428 2274 487 2312; x_wconf 84' lang='lat' dir='ltr'>danda</span> <span class='ocrx_word' id='word_1_314' title='bbox 496 2280 550 2326; x_wconf 69' lang='lat' dir='ltr'>essct.</span> <span class='ocrx_word' id='word_1_315' title='bbox 559 2286 571 2311; x_wconf 70' lang='lat' dir='ltr'>a</span> <span class='ocrx_word' id='word_1_316' title='bbox 579 2275 598 2312; x_wconf 77' lang='lat' dir='ltr'>S.</span> <span class='ocrx_word' id='word_1_317' title='bbox 611 2277 664 2325; x_wconf 72' lang='lat' dir='ltr'>¹nlph.</span> <span class='ocrx_word' id='word_1_318' title='bbox 672 2276 691 2325; x_wconf 78' lang='grc'>6,</span> <span class='ocrx_word' id='word_1_319' title='bbox 700 2277 744 2317; x_wconf 80' lang='lat' dir='ltr'>tat.</span> 
     </span>
    </p>
   </div>
   <div class='ocr_carea' id='block_1_5' title="bbox 0 0 801 2412">
    <p class='ocr_par' dir='ltr' id='par_1_7' title="bbox 0 0 801 2412">
     <span class='ocr_line' id='line_1_39' title="bbox 0 0 801 2412; baseline 0 0"><span class='ocrx_word' id='word_1_320' title='bbox 0 0 801 2412; x_wconf 95' lang='lat' dir='ltr'> </span> 
     </span>
    </p>
   </div>
  </div>
 </body>
</html>
