1567 2412
25 84 55 130 28
108 92 336 143 uuo-courusstnius
352 98 465 142 usnemun
480 72 623 132 iusruucu'us
690 101 692 110 ³

26 184 186 241 confessarius,
202 186 333 243 priusquam
343 186 503 243 reprehendat,
516 188 542 231 ut
558 199 582 230 se
594 186 709 243 patienter
729 193 730 196 ’

27 246 106 290 audiat
117 260 157 303 pro
171 246 312 304 poenitentia.
331 247 355 290 8⁰
370 247 394 291 Si
412 247 533 303 poenitenti
550 260 603 290 suas
619 247 709 303 obliga·
768 258 774 270 ⁸

28 305 101 349 tiones
115 308 228 360 ostendat,
240 320 264 350 u⁴
280 322 303 364 g.
318 321 342 350 se
357 306 517 350 reconciliandi
533 320 584 349 cum
596 307 707 363 proximo,

27 365 163 409 restituendi
172 366 253 420 aliena,
261 367 348 410 vitandi
358 366 497 410 occasionem
505 366 640 421 proximam,
652 379 709 421 quas

29 431 105 480 potest
115 438 155 480 pro
166 425 300 480 poenitentia
314 426 442 481 injungere,
457 427 484 468 ut
494 425 522 468 iis
534 424 667 476 satisfaciat,
683 425 709 468 In

28 484 71 526 hoc
85 497 146 537 casu,
164 484 236 541 inquit
247 485 345 530 Lacroix
361 484 403 543 (l),
416 491 459 528 non
477 484 543 528 debet
558 484 709 529 confessarius

29 545 125 588 multum
136 547 188 600 augi
206 545 267 588 eirea
277 548 417 601 peccatorem
429 557 532 601 gravem,
545 558 573 587 ne
584 544 617 588 ita
632 545 710 601 dispo·
742 571 746 583 -,

30 604 74 647 sito
85 617 129 647 non
143 610 179 648 sat
195 618 290 662 gravem
302 605 458 661 poenitentiam
474 604 587 661 injungat,
599 606 653 661 quia
664 604 709 648 iile
750 660 751 663 Ἰ

30 664 179 720 obligationes
190 679 231 720 per
241 679 266 709 se
277 669 330 709 sunt
338 665 394 709 satis
406 679 496 721 graves.
509 664 535 708 9⁰
546 665 571 708 Si
583 666 661 720 aliqua
669 677 709 721 per

29 725 120 767 modum
131 725 219 767 consilii
230 724 343 780 injungat,
354 726 382 766 ad
390 739 441 781 quae
450 725 560 781 poenitens
572 727 710 780 separatum
777 739 779 742 ·

30 783 142 836 ostendat,
154 798 176 826 v.
188 797 235 840 gr,
246 789 271 827 ut
282 798 350 841 opera
361 784 492 840 quotidiana
504 783 605 827 exactius
614 785 642 826 ad
653 786 715 826 tem·-

30 856 72 899 pus
83 847 185 899 peragat.
199 844 249 886 Etsi
260 844 320 886 enim
331 844 464 899 poenitentia
476 858 519 886 non
531 843 561 886 sit
572 845 621 886 tota
632 843 710 898 injun-

30 903 104 958 genda
114 903 155 946 sub
166 916 222 958 puro
233 903 335 956 consiliu,
348 917 417 960 quum
428 916 471 946 non
483 906 592 959 appareat
601 903 711 959 quomodo

30 962 180 1007 confessarius
193 962 225 1006 sic
236 967 261 1007 ut
270 964 340 1019 J'uder
351 966 438 1019 puniat,
451 966 474 1006 et
485 976 549 1006 secus
559 962 608 1006 siue
619 966 711 1019 peceato

31 1025 107 1079 posset
115 1026 280 1067 sacramentum
292 1023 431 1081 poenitentiae
441 1036 481 1066 sua
489 1022 602 1066 frustrare
613 1022 712 1079 integri-

30 1086 90 1139 tate3
103 1096 155 1139 pars
167 1086 242 1127 tamen
258 1084 397 1140 poenitentiae
412 1084 496 1139 imponi
510 1085 586 1139 potest
603 1084 644 1126 sub
655 1097 711 1138 puro

31 1143 132 1195 oonsilio,
158 1147 184 1186 ut
204 1144 273 1185 habet
294 1143 426 1185 communis.
450 1143 489 1185 10ο
511 1142 536 1184 Si
561 1141 712 1185 confessarius

32 1201 135 1259 exemplo
151 1202 175 1246 S.
189 1201 305 1245 Francisei
321 1202 416 1245 Xaverii
428 1204 515 1257 partem
533 1201 674 1256 poenitentiae
688 1201 712 1243 in

32 1275 56 1305 se
68 1261 191 1317 suscipiat3
204 1261 236 1304 sic
254 1262 314 1304 enim
332 1261 461 1304 movebitur
471 1261 583 1317 poenitens
601 1262 629 1303 ad
648 1262 713 1304 dolo-

31 1334 89 1375 rem,
103 1321 264 1374 confusionem,
284 1321 311 1364 ad
333 1321 497 1376 frequentanda
514 1323 657 1364 sacramenta
674 1320 713 1363 vi-

32 1389 123 1437 tamque
140 1381 295 1433 christianam‚
308 1385 471 1436 consequenter
481 1381 509 1423 ad
521 1381 631 1436 majorem
643 1381 711 1424 satis·

32 1440 160 1484 factionem.
173 1440 295 1494 Caeterum,
308 1443 327 1484 si
336 1441 399 1497 Justo
409 1440 482 1483 minor
491 1440 626 1497 poenitentia
636 1440 712 1497 inpun-

32 1504 108 1557 gatur,
118 1498 242 1545 monendus
254 1501 365 1557 poenitens
376 1501 399 1544 id
408 1501 477 1556 ,iustis
488 1514 516 1543 ex
527 1500 601 1543 causis
616 1501 675 1555 fieri,
687 1503 713 1544 ut

33 1561 65 1604 sie
71 1563 192 1610 animetur,
202 1563 229 1603 ad
238 1564 384 1616 spontaneam
393 1560 571 1603 satisfactionem
580 1562 713 1616 studeatque

33 1620 164 1676 diligentius
175 1621 326 1664 emendationi
336 1624 360 1664 et
371 1621 399 1663 ad
410 1619 574 1663 confessionem
583 1620 712 1674 alliciatur;

2 1709 5 1714 -
33 1694 97 1722 secus
109 1680 168 1721 enim
178 1682 317 1735 gravitatem
328 1685 471 1736 peccatorum
484 1692 576 1722 suorum
591 1693 634 1722 uon
649 1680 714 1722 aesti-

33 1739 113 1793 mabit,
126 1752 175 1793 quae
187 1741 287 1781 advertit
298 1753 312 1782 a
321 1739 460 1782 confessario
475 1745 523 1781 iam
535 1738 618 1782 leviter
629 1738 713 1796 puniri.

64 1799 101 1843 18.
110 1823 140 1830 —
148 1798 218 1855 Resp.
227 1799 267 1843 IV.
276 1799 415 1843 Paenitentia
423 1799 584 1842 inconvenieus
594 1802 630 1842 est
640 1798 715 1855 primo

34 1872 69 1912 ea,
78 1871 129 1915 quae
138 1859 248 1902 conflatur
259 1873 288 1901 eu
297 1859 365 1902 nimis
377 1858 455 1902 multis
467 1859 573 1912 diversis,
585 1871 609 1901 v.
622 1872 645 1915 g.
655 1858 715 1916 jeju-

34 1918 80 1974 nio,
91 1918 230 1963 orationibus
244 1919 317 1962 variis
327 1922 381 1972 eto,
393 1918 445 1975 quia
456 1919 569 1976 poenitens
579 1919 646 1962 facile
656 1919 716 1963 obli-

34 1979 145 2032 viscetur5
162 1981 201 2021 aut
217 1992 255 2023 eas
268 1978 422 2036 perfunctorie
438 1982 542 2036 peraget.
554 1980 614 2027 ,Quae
631 1982 666 2034 est
687 1980 716 2023 ad
774 1993 776 1995 ·

34 2039 136 2096 rigorem
152 2038 295 2093 antiquorum
310 2053 429 2094 canonum,
446 2040 569 2084 secundum
589 2053 644 2095 quos
661 2040 716 2083 oiim

34 2113 75 2156 pro
90 2098 171 2155 quovis
186 2100 278 2142 mortali
295 2101 384 2155 publico
401 2099 530 2143 dictabatur
546 2099 662 2154 septennis
682 2098 716 2157 (2)

58 2243 82 2291 (i)
92 2244 111 2279 L.
122 2244 151 2278 Vi.
163 2253 181 2287 p.
192 2243 209 2277 2.
220 2252 239 2277 n.
249 2241 300 2278 tato.

59 2291 85 2338 (2)
93 2293 135 2326 Can.
147 2290 209 2335 poenit.
220 2299 288 2335 proem.
297 2289 322 2325 Cf.
332 2290 376 2337 ὡς*
386 2290 404 2328 i.
