1567 2412
34 108 36 112 ,
54 68 99 115 56
136 80 372 136 ΝεωοπεεεεΑκιυε
385 56 501 115 vt‘i'a'uo'rton
516 55 658 115 iusraocrns
715 75 718 78 ·

55 168 255 228 mortificationem
270 170 389 226 subeundo
409 162 520 226 aliquam,
532 169 628 226 legendo
649 174 753 212 sacrum

55 230 148 294 librum,
159 230 253 279 vitando
263 244 345 277 vanarn
356 229 560 286 conversationem,
573 232 616 273 eto,
754 236 755 239 ’

329 373 429 443 carun
445 398 468 440 x

57 497 106 554 Au,
121 498 221 557 quaudo,
243 496 462 556 earnemcarnem,
478 501 500 544 et
513 498 613 545 desectus
630 496 656 542 to
676 508 741 541 sucro

89 559 224 605 tm'tuuolr'u
235 558 379 616 Conserrorto
387 557 491 613 admissi,
500 558 548 604 stat
558 556 712 616 corrtqt'eoclffl
741 556 742 559 ’

14 653 16 655 ’
58 656 89 693 48.
97 655 116 690 Si
125 666 174 691 reum
190 656 271 692 mortalis
282 656 387 701 dispositum
403 667 439 692 non
453 657 537 701 absoluit,
546 656 591 701 qnid
607 653 710 700 agendum?
719 672 742 679 -

83 700 113 735 la.
121 703 167 743 Quid
175 702 190 735 si
198 704 275 746 neglexit
284 703 394 746 interrogare
403 712 495 737 numerum
504 707 521 737 et
528 700 619 747 speeiem?
627 718 650 726 ·-
658 698 687 735 50.
696 699 742 752 Quid

84 747 100 783 si
112 747 189 792 neglexit
198 757 269 784 monere
278 748 300 785 de
314 749 426 785 restitutione
440 747 536 786 facienda?
545 767 568 776 -
577 747 606 784 5l.
616 746 661 789 Quid
671 746 686 781 si
697 745 742 781 obli-

83 795 131 841 gauit
139 796 161 829 ad
171 796 307 840 restitutionem,
316 802 347 831 aut
355 797 464 842 deobligavit
473 806 504 841 pei·
512 805 589 842 errorem
600 792 743 839 inculpabilem?

49 850 56 855 ·’
82 858 107 866 ·-
115 839 144 874 52.
154 841 200 881 Quid
210 842 225 876 si
234 852 266 885 per
273 852 351 878 errorem
360 844 473 886 culpabilem,
483 842 512 877 vel
519 840 619 876 malitiam‘.>
628 857 650 866 -·
657 839 686 875 ὅδὲ
696 839 742 881 Quid

83 885 99 921 si
108 896 145 920 nem
156 888 283 928 restituendam
291 889 346 932 jussit
355 888 394 924 dan
405 887 529 933 pauperibus‘l
537 905 561 914 -
568 886 597 922 54.
606 887 633 921 An
643 896 674 931 pro
684 894 744 920 errore

84 933 188 978 corrigendo
198 943 271 969 necesse
283 935 307 969 sit
319 940 378 980 petere
392 934 483 970 licentiam
492 945 503 969 a
511 932 622 979 pmnitente‘l
631 934 654 959 -'
663 930 693 968 55.
703 932 745 967 Post

84 978 204 1016 consessiones
212 987 295 1027 exceptas
307 982 388 1017 reflectas
396 981 517 1017 confessarius
527 980 615 1027 quomodo
630 978 743 1025 processerit.
779 990 781 992 ·

91 1065 128 1109 48.
139 1090 170 1098 -
178 1067 247 1123 Resp.
259 1068 278 1112 I.
291 1068 316 1113 Si
324 1066 636 1124 Confessariuspoenitentem
646 1064 749 1125 disposi-'

61 1127 119 1181 tum,
129 1127 215 1181 peccati
226 1128 331 1173 mortalis
338 1141 410 1182 reum,
422 1141 450 1173 ex
459 1127 580 1180 oblivione,
588 1126 743 1178 distractione,

62 1190 103 1232 aut
116 1199 203 1241 errore,
215 1187 252 1231 vel
272 1188 362 1232 omnino
380 1203 433 1245 non,
450 1193 490 1231 aut
510 1187 609 1231 invalide
630 1186 744 1241 absolvit;

29 1257 35 1297 j
61 1248 154 1292 tenetur
165 1261 216 1291 eum
232 1247 283 1292 dein
301 1249 418 1293 absolvere
429 1249 468 1293 rel
483 1249 569 1300 statim,
586 1248 605 1291 si
623 1248 695 1291 adhue
711 1251 746 1289 est

26 1332 27 1335 =
59 1305 181 1350 moraliter
191 1321 300 1364 praesens
313 1310 433 1353 secundum
444 1308 504 1360 diota
514 1321 552 1351 nu.
562 1308 600 1362 31,
608 1307 647 1350 vel
656 1308 744 1364 postea,

5 1365 7 1367 ’
63 1365 83 1410 si
102 1378 153 1408 eum
173 1367 271 1422 noverit,
287 1371 467 1424 praesentemque
485 1368 568 1412 habeat
588 1369 640 1424 post
659 1365 746 1421 aliquot

62 1427 131 1468 horas
144 1437 150 1469 ε
163 1425 208 1470 imo
220 1426 288 1471 etiam
299 1431 351 1483 post
361 1429 433 1481 diem,¹
442 1431 466 1470 et
478 1427 546 1484 juxta
556 1427 613 1470 Less
632 1426 658 1468 in‘
666 1425 745 1478 Anot,

24 1525 28 1532 ,,
63 1485 93 1530 V.
104 1485 229 1541 Confessio,
237 1487 295 1531 Casu
304 1488 327 1542 3,
337 1487 438 1544 aliosque
446 1487 530 1531 multos
539 1500 590 1531 cum
599 1486 681 1540 (tebet,
692 1485 747 1529 Gar·

65 1545 171 1588 denain2
179 1546 237 1590 Grisi
246 1548 343 1592 Dissert.
350 1560 376 1600 11,
384 1549 422 1599 88,
431 1551 482 1604 post
492 1548 547 1590 duos
558 1547 617 1589 dies:
626 1546 687 1601 qnia,
696 1558 746 1588 cum
763 1589 764 1592 ,

64 1603 230 1661 sacramentum
245 1607 384 1664 poenitentiae
404 1607 434 1651 sit
450 1606 578 1650 institutum
598 1618 638 1663 per
655 1606 746 1649 modum
763 1611 764 1664 J

62 1664 152 1722 judicii,
164 1667 248 1711 diutius
263 1669 330 1711 durat
345 1668 438 1711 moralis
450 1666 577 1722 conjunctio
587 1666 648 1709 inter
658 1668 745 1724 partes,

30 1751 34 1753 -
64 1737 132 1781 quam
149 1724 172 1769 in
190 1727 283 1781 reliquis
297 1724 411 1784 plenisque
428 1726 584 1771 sacramentis.
602 1726 652 1769 Hoc
670 1728 747 1768 tamen

63 1797 184 1839 casmquo
199 1788 288 1834 tantum
302 1787 411 1842 temporis
422 1786 580 1840 intercederet,
593 1786 613 1829 si
632 1785 747 1829 commode

64 1844 140 1897 fieret,
152 1844 215 1899 prius
229 1847 351 1889 monendus
364 1848 432 1898 esset,
443 1848 467 1888 et
480 1846 622 1889 renovandus
634 1844 697 1888 dolor
710 1857 715 1887 z
728 1844 747 1887 si

66 1906 142 1947 autem
154 1904 241 1947 moneri
255 1919 298 1948 non
308 1908 392 1962 posset,
404 1906 471 1957 toret,
485 1905 557 1949 forma
567 1903 714 1948 absolutionis
724 1903 747 1946 in

15 1993 17 1995 »
65 1964 140 2021 ipsum
160 1963 257 2019 prolata,
271 1966 425 2009 ‘absolvendus
444 1967 527 2009 saltem
548 1966 589 2010 sub
610 1964 746 2016 conditione,

8 2067 10 2070 ,
66 2024 205 2081 praesertim,
217 2023 236 2067 si
245 2025 343 2079 prudens
356 2028 417 2069 esset
427 2026 503 2077 timor,
516 2038 544 2067 ne
555 2024 618 2068 dolor
627 2025 658 2068 sit
671 2025 747 2066 retra-

66 2085 150 2129 ctatus.
168 2082 238 2127 Ratio
256 2086 299 2134 est,
319 2084 371 2141 quia
388 2085 426 2141 jus
444 2086 512 2129 babet
527 2086 556 2129 ud
574 2084 746 2137 absolutionem,

48 2189 49 2194 ,
67 2144 131 2199 cujus
143 2143 213 2188 etiam
229 2144 364 2201 accipiendae
375 2145 519 2189 *voluntatem
534 2146 626 2195 retinet.
644 2144 716 2198 Quod,
729 2145 748 2186 si

68 2205 139 2249 dilata
149 2204 234 2248 diutius
245 2204 359 2248 occasione
370 2219 420 2249 eum
432 2204 586 2259 conveniendi,
598 2205 684 2249 rediret
698 2217 750 2263 con-3

4 2291 6 2293 ·
68 2265 170 2309 sessurus
181 2263 254 2308 eidem
267 2264 417 2320 confessario,
432 2265 475 2308 diei
492 2266 514 2309 ei
526 2268 602 2322 posset
615 2276 620 2307 :
634 2263 748 2320 Numquid
767 2285 768 2288 =
