1577 2464
65 148 96 192 78
149 160 380 194 uuo-conrassnnms
396 161 510 193 PRAG'HOE
527 162 667 194 INSTRUGTUS

10 241 14 261 ³
66 247 178 293 traxisset
186 249 298 294 malitiam
310 247 431 305 adulterii3
444 261 509 292 secus
520 250 556 294 est
565 249 592 293 de
601 248 738 293 delectation

53 309 166 366 vsimplici
182 323 211 354 ex
227 309 315 365 copula,
332 308 376 353 nisi
394 311 455 353 esset
465 309 493 353 de
513 321 549 364 ea,
567 310 593 354 ut
603 321 654 352 cuni
671 309 752 365 conpu-

66 372 134 427 gata3
147 370 201 425 quia
208 368 282 414 tendit
291 367 315 410 in
327 368 440 425 objectum
452 370 550 424 tantum,
563 371 587 412 ut
598 367 705 412 delectat.

98 428 136 475 69.
149 454 180 461 -
192 429 262 485 Resp.
280 427 324 473 IIL
340 428 365 472 Si
377 431 467 473 accuset
478 441 502 473 se
514 428 541 472 de
558 431 659 485 aspectu,
678 427 753 485 expli-

67 502 121 533 care
142 489 208 533 debet
228 489 253 542 1,
273 501 301 530 an
322 488 465 532 voluntarius
484 488 554 533 fuerit
581 488 663 544 objecti
685 488 712 531 de
729 501 753 532 se

11 577 12 581 =
66 548 143 605 turpis
155 549 202 592 sine
219 547 350 592 rationabili
367 561 444 603 eausa,
462 562 490 591 an
507 548 636 592 voluntarie
654 547 754 592 admissa

16 655 20 662 ,
42 654 43 659 ,
67 608 189 654 delectatio
208 621 313 652 venerea.
338 607 364 652 Si
386 608 427 662 ita,
448 608 516 652 debet
533 608 617 651 iterum
638 608 753 663 explicare

68 668 202 725 qualitatem
212 680 258 711 suae
271 681 384 724 personae,
396 667 428 722 id,
441 669 499 723 quod
512 681 602 723 semper
613 668 637 710 in
648 668 691 710 hac
701 681 753 710 ma-

63 727 136 783 teria,
157 727 201 773 nisi
215 726 306 772 aliunde
322 727 458 783 innotescat,
476 727 605 773 faciendum
625 727 749 786 :probabi-

67 788 122 833 liter
138 790 223 842 tamen,
245 788 264 831 si
284 788 357 832 abfuit
374 788 520 843 desiderium,
542 802 635 832 neeesse
654 802 698 832 non
718 790 752 834 est

68 861 190 904 exponere,
208 861 236 890 an
254 847 285 891 sit
302 847 446 905 conjugatus,
463 847 516 903 quia
531 847 644 891 incertum
660 851 704 902 est,
725 860 752 892 ar

68 908 151 966 conjux
160 910 260 952 mentem
272 907 341 952 etiam
353 907 464 966 eomparti
476 908 621 965 obligaverit,
630 909 656 951 ut
667 907 752 964 obligat

68 981 154 1012 vovens
166 968 303 1012 castitatem.
315 968 401 1012 Deinde
411 968 573 1012 examinandus
584 970 627 1023 est,
639 969 666 1012 ut
675 981 749 1025 supra.

68 1029 94 1075 Si
105 1028 162 1072 nihil
173 1029 216 1073 nisi
234 1028 331 1085 simplex
346 1029 468 1073 delectatio
483 1028 582 1072 admissa
593 1028 632 1084 sit,
650 1040 753 1085 personae

3 1098 5 1101 ’
68 1092 166 1145 aspectae
179 1089 313 1144 qualitatem
322 1089 471 1144 probabiliter
480 1102 572 1132 necesse
583 1102 627 1132 non
638 1091 674 1132 est
682 1088 754 1144 expli-

69 1161 129 1194 care.
143 1149 165 1192 2.
179 1149 204 1192 Si
212 1151 317 1205 aspectus
326 1162 355 1193 ex
362 1149 450 1206 objecto
460 1162 503 1192 non
513 1148 557 1192 luit
566 1147 640 1205 turpis
651 1150 752 1205 petatur,

69 1223 113 1265 quo
123 1209 198 1251 animo
210 1209 325 1263 aspexerit
334 1223 357 1252 v.
369 1223 392 1263 g.
405 1208 525 1253 foeminas?
536 1211 571 1251 An
583 1222 612 1251 ex
620 1209 753 1252 curiositate

36 1297 39 1299 -
68 1271 169 1321 tantum,
182 1270 206 1311 et
213 1270 306 1322 aspectu
317 1281 360 1310 non
373 1267 433 1321 fix03
444 1268 464 1310 si
474 1281 503 1310 ex
512 1267 644 1310 curiositate
653 1270 752 1321 tantum,

69 1329 127 1373 etex
136 1331 228 1383 aspectu
238 1341 281 1371 non
291 1326 345 1381 fixa,
353 1326 454 1382 citraque
461 1326 587 1384 periculum
596 1326 712 1383 probabile
720 1325 754 1385 (1)

69 1402 191 1433 consensus
199 1388 222 1430 in
231 1387 404 1431 delectationem
415 1401 544 1441 veneream,
555 1387 658 1443 peccavit
663 1389 754 1430 tantum

69 1447 206 1493 venialiter:
217 1450 252 1491 est
260 1446 320 1491 enim
331 1446 451 1492 curiositas
462 1447 543 1503 cupido
554 1447 649 1503 praecise
659 1446 754 1504 sciendi,

69 1522 128 1565 quae,
141 1508 161 1553 si
181 1508 256 1552 debito
267 1507 312 1551 fine
329 1510 417 1562 eareat,
429 1507 519 1551 veniale
533 1509 577 1551 est.
591 1507 615 1550 Si
627 1509 704 1551 autem
715 1520 755 1551 as-

69 1568 133 1626 pexit
145 1567 219 1611 animo
231 1581 337 1622 venereo,
348 1581 389 1624 per
399 1581 422 1613 se
434 1570 505 1624 patet,
517 1567 576 1623 quud
585 1567 688 1622 graviter
699 1580 755 1623 pec-

70 1628 137 1680 carit,
150 1628 169 1672 si
181 1628 247 1685 plena
262 1627 335 1672 adfuit
349 1627 492 1682 deliberatio,
510 1641 549 1671 seu
567 1626 712 1672 advertentia
727 1628 756 1671 ad

70 1688 194 1743 malitiam3
210 1688 262 1733 hinc
273 1688 357 1732 iterum
369 1687 541 1740 examinandus,
553 1690 578 1729 ut
590 1700 658 1744 supra
670 1687 756 1732 dictum

71 1752 114 1793 est.
131 1748 155 1791 Si
173 1751 248 1792 autem
265 1762 294 1792 ex
307 1748 403 1793 honesto
417 1748 470 1802 fine,
487 1750 510 1791 et
521 1747 614 1791 urbanae
631 1761 756 1791 conversa-

71 1806 148 1861 tionis,
162 1812 200 1852 aut
212 1807 356 1853 salutationis
363 1821 439 1862 eausa,
452 1820 494 1864 per
504 1821 528 1851 se
536 1806 656 1863 loquendo,
667 1807 756 1851 nullum

71 1867 164 1913 admisit
175 1872 299 1926 peccatum.
776 1872 779 1878 “

101 1927 140 1973 70.
151 1952 182 1962 -
191 1928 261 1985 Resp.
272 1929 313 1972 IV.
327 1928 473 1985 Sipoanitens
483 1928 545 1973 dedit
555 1941 647 1972 causam
657 1926 757 1973 motibus

36 2029 38 2031 ,
71 1987 185 2044 turpibus,
206 1987 243 2032 vel
260 1987 391 2045 pollutionip
408 1988 494 2045 triplex
509 1995 581 2032 causa
597 1987 759 2044 distinguenda

67 2053 125 2096 est:
143 2061 195 2092 nam
212 2048 306 2093 aliaest
322 2062 390 2094 causa
409 2063 449 2105 per
466 2063 490 2094 se
508 2048 599 2097 effluam
616 2048 661 2093 alia
672 2061 714 2105 per
733 2061 758 2092 se

71 2107 188 2162 inefficax3
199 2106 245 2150 alia
255 2120 323 2151 causa
331 2122 373 2165 per
384 2108 497 2153 accidens.
509 2108 582 2151 (lausa
592 2121 632 2162 per
644 2121 667 2150 se
680 2107 759 2150 efficax

72 2171 119 2222 est,
133 2180 184 2223 quae
195 2166 313 2214 ordinatur
325 2181 353 2211 ex
364 2171 447 2212 natura
458 2181 499 2213 sua
510 2167 539 2210 ad
550 2166 664 2220 effectum,
677 2166 719 2220 ita,
732 2168 759 2210 ut

72 2241 124 2271 eum
135 2225 265 2280 necessari-o
275 2227 411 2271 necessitate
420 2228 458 2270 vel
466 2225 557 2280 morali,
568 2226 606 2269 vel
617 2226 713 2284 physica
721 2225 759 2268 in-

97 2361 119 2409 p]
129 2361 165 2397 Cir.
176 2362 194 2397 S.
203 2360 256 2407 Alph.
270 2360 288 2405 2,
297 2358 324 2395 63Δ
