1577 2464
18 158 20 160 ‚
61 96 106 143 118
142 109 374 149 uno-conressuarus
390 113 502 146 rancrrcu
517 92 659 147 msraucrus
713 85 714 88 Ἴ

60 198 203 245 undecimum
215 202 243 245 ad
256 201 319 245 illam
330 214 373 245 non
383 200 533 245 admittantur
539 213 581 258 pro
589 201 743 260 diversapue·

59 270 139 304 rorum
155 259 286 305 educatione
297 264 321 305 ct
331 260 454 306 docilitate.
467 260 549 305 Pueris
561 265 637 305 tamen
646 261 671 309 in
683 261 742 308 arti-

9 337 11 339 *
60 319 110 364 culo
121 320 203 365 mortis
210 320 347 374 constitutis,
360 320 379 363 si
390 331 456 364 usum
467 320 564 364 rationis
574 320 680 375 habeant,
692 333 742 378 pos·

39 412 41 415 -
60 379 151 436 sintque
162 378 252 433 instrui,
268 380 341 424 danda
351 378 477 423 communio
493 391 535 436 pro
545 380 630 425 viatico
641 383 684 435 est,
697 382 741 428 etsi

60 452 144 497 annum
154 439 262 485 decimum
274 453 317 483 nun
329 439 457 496 attigerint,
468 441 509 484 sed
519 439 558 484 vix
569 440 691 496 septimum
701 445 741 487 aut

48 502 167 544 octavum
177 499 261 557 egressi
272 499 317 543 sint
325 498 356 557 (ll
364 512 370 553 ;
378 500 431 556 quia
442 506 494 543 suut
503 501 611 555 praecepti
623 504 646 544 et
653 501 741 556 peccati

60 559 165 604 mortalis
178 570 284 615 capaces3
299 561 410 616 egeritque
425 558 506 604 effectu
522 561 546 603 et
561 560 642 603 robore
657 561 742 604 Sacra-

60 619 131 663 menti
141 618 210 671 iliius,
221 619 249 661 ob
260 632 310 674 quae
317 619 359 663 hoc
369 619 512 674 potissimum
522 620 546 662 in
559 631 630 673 agone
642 633 682 678 per
693 633 742 665 mo·

58 677 233 732 dumriaticiet
246 677 352 722 sumitur.
364 678 474 723 ItaSuar.
482 677 562 723 Tamb.
573 681 599 736 et
611 679 658 724 alii.
670 679 739 724 Dixi:

5 766 8 769 -
59 737 177 797 praecptis
187 737 293 784 decucurrit
304 757 313 783 .·
324 737 384 782 Nam
395 738 478 783 divinis
494 741 608 791 tenentur,
621 740 658 783 ubi
675 752 742 784 usum

59 798 155 842 rationis
165 798 256 851 habent,
270 800 293 842 et
307 798 466 843 discretionem
477 799 679 856 proportionatam.
693 800 741 843 De-

59 858 126 914 nique
145 859 210 915 pueri
230 858 299 902 ctiam
318 858 405 915 peccati
423 858 528 902 mortalis
547 871 639 915 capaces
661 863 741 903 contra

58 917 133 974 legem
152 917 328 962 ecclesiasticam
342 918 446 976 graviter
457 919 575 975 peccantes
592 919 740 975 probabiliter

29 975 30 979 ’
58 991 103 1022 non
113 978 232 1021 incurrunt
243 990 349 1021 censuras
367 977 531 1022 ecclesiasticas
546 981 598 1022 ante
614 991 683 1021 annos
696 992 739 1035 pu·
756 985 757 989 ’

58 1037 162 1081 bertatis.
172 1037 257 1094 Excipe
269 1038 522 1081 excommunicationem
531 1037 559 1079 ob
571 1037 739 1092 percussionem
787 1040 788 1043 ’

58 1096 140 1142 Clerici
151 1095 194 1155 (2),
214 1102 237 1140 et
253 1097 381 1152 ingressum
398 1096 531 1140 monasterii
544 1096 677 1140 Mcnialium
690 1096 738 1156 (3);

58 1158 157 1212 itemque
168 1156 362 1212 irregularitatem
371 1156 398 1200 ob
406 1156 551 1200 homicidium
561 1155 594 1215 (4)
605 1156 658 1211 quia
666 1157 694 1201 da
702 1157 739 1202 his

54 1216 109 1274 jura
118 1215 185 1259 aliter
196 1219 307 1260 statuunt.
319 1215 378 1260 Vide
388 1215 422 1259 La
433 1216 501 1260 (ircix
511 1215 528 1259 l.
538 1217 561 1270 7,
572 1230 594 1259 n.
604 1218 642 1259 41,

60 1278 69 1300 *
89 1274 140 1320 102.
151 1298 182 1309 -
191 1275 261 1332 Resp.
276 1274 317 1319 ΙΙΙ.
328 1275 495 1320 Permittantur
506 1276 570 1331 pueri
580 1276 678 1332 primum
694 1275 739 1333 ipsi

9 1342 11 1347 '
58 1343 100 1382 sua
108 1338 200 1392 peccata
211 1334 325 1390 explicare
336 1345 341 1378 :
352 1334 376 1386 iu
387 1348 430 1392 quc
440 1333 460 1379 st
471 1336 584 1390 deficiant,
599 1336 737 1391 praesertim,

4 1414 6 1416 ·
55 1396 78 1442 si
88 1397 196 1440 notentur
211 1394 257 1439 doli
272 1406 374 1450 capaces,
387 1394 482 1452 Juvandi
499 1398 552 1439 sunt
567 1408 608 1450 per
618 1396 659 1437 bas
671 1395 738 1437 simi-

56 1456 135 1513 lesque
146 1454 292 1511 qiiaesticnes‚
303 1456 379 1510 prout
389 1453 496 1509 expedire
513 1453 636 1497 ridebitur.
649 1454 736 1498 Primo.

26 1525 28 1527 ’
56 1514 93 1560 An
114 1514 237 1560 Dominicis
259 1515 284 1572 et
303 1514 369 1558 testis
391 1512 470 1558 diebus
492 1512 573 1558 devote
593 1512 740 1568 interfuerint

56 1572 135 1620 Missae
144 1572 275 1618 Sacrificio?
283 1573 319 1617 An
328 1574 352 1617 iu
359 1586 386 1631 eo
397 1572 547 1631 garrirerint,
557 1575 581 1617 et
589 1586 630 1630 per
639 1573 739 1617 notabile

57 1637 146 1692 tempus
165 1633 251 1677 fuerint
261 1633 390 1690 petulantes
405 1634 429 1676 in
447 1630 548 1688 teinplot
564 1632 587 1675 2.
606 1633 642 1675 An
653 1633 739 1679 fuerint

56 1694 187 1738 obedientes
204 1692 343 1750 parentibus,
368 1692 406 1737 vel
426 1690 570 1749 praepositui
589 1692 739 1751 ignominioso

15 1796 16 1799 ,
56 1754 148 1799 nomine
159 1751 360 1809 compellaverintt
371 1752 406 1797 Au
420 1751 506 1796 rixati?
524 1752 560 1796 An
571 1753 697 1797 senioribus
707 1752 740 1798 il·

9 1839 11 1842 ·
56 1811 170 1859 luserint?
186 1815 222 1856 An
233 1812 331 1868 mentiti,
341 1811 472 1870 J'uraverint
482 1824 523 1869 per
539 1811 656 1856 animam?
666 1812 689 1858 3.
702 1813 738 1858 Aa

18 1904 20 1907 >
56 1886 124 1920 mane
134 1875 158 1917 et
169 1872 267 1930 vesperi,
280 1875 333 1918 ante
346 1874 432 1928 etpost
446 1884 547 1917 mensam
556 1870 692 1916 oraverint?
702 1870 739 1917 An

80 1977 105 2027 (1]
114 1978 140 2017 cl.
150 1977 169 2014 S.
177 1978 229 2022 Aipb.
242 1979 260 2023 l,
270 1977 310 2015 itt.

80 2026 134 2072 (2)(1.
144 2025 214 2061 Pueris.
225 2024 255 2060 bb.
265 2025 287 2061 X.
299 2024 317 2061 d.
328 2028 374 2061 sent.
384 2022 550 2070 annuntiatam).

80 2072 105 2119 (3)
114 2083 125 2108 «
136 2070 206 2117 ingredi
217 2076 275 2106 autem
284 2071 332 2106 intra
340 2075 391 2115 sepia
401 2071 504 2107 monasterii
519 2066 587 2106 nemini
601 2069 663 2123 liccat,
678 2071 740 2117 cnjus·

56 2128 128 2167 cunque
139 2118 209 2171 generis
216 2121 247 2169 aut
257 2116 370 2171 condicionis,
378 2126 433 2170 sexus
440 2118 469 2153 rel
478 2118 535 2154 aetatis
542 2117 603 2161 faerit,
610 2125 650 2153 sinc
658 2115 740 2173 episcopi

57 2163 741 2259 itittrabttttuuut‘ttitutastatutarum

57 2259 110 2296 Anat.
120 2258 137 2295 J.
147 2259 167 2294 P.
177 2265 213 2294 ser.
225 2255 243 2293 3.
251 2257 286 2293 col.
296 2254 340 2300 2263
351 2256 427 2292 Kcnricli
436 2257 491 2293 theol.
501 2265 546 2293 mor.
556 2255 602 2301 Vill,
611 2236 642 2292 59.
696 2261 698 2264 '

81 2304 106 2354 (4)
112 2304 138 2343 cl.
148 2304 236 2342 Thesaur.
246 2301 476 2350 dapun.cccles.p.1.c.
487 2303 517 2340 ll.
