1577 2464
48 123 92 177 148
129 133 361 195 nnoJeonnnsstarus
376 109 488 166 ratonem
507 109 651 167 rnsrnnonus'

41 223 165 267 'Thomsin
180 224 203 267 4.
215 222 268 268 dist.
281 223 318 266 31.
333 221 390 265 nihil
401 233 487 274 eornm,
498 220 539 273 aii,
551 234 601 275 qnae
611 221 666 266 iacit
677 234 729 266 ma-

47 283 107 328 ritus
118 296 169 327 oum
180 295 259 337 uxore,
272 285 311 326 ant
321 280 370 325 haec
387 293 438 324 curn
451 279 502 323 viro
515 284 606 323 servato
617 294 679 336 vase,
690 295 729 326 se·

48 343 146 390 cundum
163 356 188 388 se
208 346 244 397 est
259 340 401 387 mortale.22.
414 338 455 385 Uti
465 339 610 385 matrimonio
626 343 729 398 tempore

49 502 110 532 tamen
119 496 183 531 Orator
195 493 297 540 hujusmodi
307 502 380 529 uxorem
390 497 409 527 ut
419 502 455 528 non
470 499 528 529 cesset
540 495 636 538 prudenter
646 505 730 530 commo-

49 552 92 579 nere
101 541 158 577 virum
168 550 219 576 suum
227 545 247 575 nt
253 540 276 575 ab
285 541 319 575 hac
329 538 439 584 turpitudine
448 538 548 576 desistat».

76 591 140 626 natum
149 588 215 631 Romae,
227 589 246 623 in
255 587 309 624 Sacra
317 585 458 629 Poenitentiaria
468 586 496 625 die
506 586 528 623 25
538 586 620 624 novemb.
630 585 681 625 tata.

318 632 342 670 Μ.
353 633 406 670 card,
416 642 440 669 nn
450 635 518 678 Panno,
532 636 556 669 M.
565 636 656 671 Paeniteat.

367 681 444 717 Darunm
453 682 474 715 S.
484 682 504 715 P.
515 682 583 717 Sca-ct.

73 749 170 794 Quaesitum
182 748 235 785 etiam
245 750 293 785 hunc
305 747 324 784 in
336 746 412 784 modum·
421 746 474 784 inita
483 747 519 784 [tu.
533 749 608 785 Bonnicr
617 758 622 784 t
632 749 731 796 Episcopus

49 797 188 834 Cenomanensis
196 797 214 831 in
223 796 317 840 Galliaco
326 795 380 840 pedes
387 794 406 830 S.
414 796 432 830 V.
438 795 549 841 provolutus,
559 806 581 831 ea
588 804 732 844 qnaeseqnuntnr

50 853 69 880 re
84 849 171 879 raescntat.
639 848 641 850 '

71 854 116 926 pFere
126 899 187 925 omnes
194 889 276 933 juniores
283 888 345 934 sponsi
358 889 498 925 numerosiorem
510 889 577 934 prolem
586 889 651 925 hahere
660 891 730 936 nolunt,

50 940 68 971 et
77 936 166 971 tamenab
174 940 215 969 actu
225 936 315 980 conjugali
325 935 415 970 abstinere
426 936 517 970 moraliter
526 942 622 980 nequeunt.
632 936 729 973 neantes-

50 982 104 1018 sariis
112 981 216 1027 interrogati
227 981 275 1017 circa
284 980 355 1022 modurn
364 990 398 1026 qno
406 981 476 1026 iuribus
484 981 592 1016 matrimonii
600 986 680 1025 utuntur,
689 994 730 1030 gra-

50 1029 97 1066 viter
107 1027 219 1075 communius
232 1026 298 1063 offendi
313 1027 382 1073 solent;
393 1032 410 1062 et
420 1028 490 1072 moniti,
506 1037 539 1063 nec
552 1028 573 1063 ab
588 1033 628 1064 actu
641 1030 730 1076 conjugali

50 1080 177 1121 temperantur,
193 1084 226 1111 nec
240 1075 262 1110 ad
278 1075 351 1110 nimiam
364 1075 420 1119 prolia
435 1075 601 1120 multiplicationem
617 1075 730 1113 determinari

11 1165 13 1170 Ι
51 1127 125 1169 queunt.
134 1122 179 1158 Turn
188 1121 273 1156 aduersus
282 1121 403 1157 Confessarios
415 1120 539 1165 mussitantes,
549 1128 658 1157 sacramenta
668 1124 731 1159 l³oeni÷

51 1169 136 1212 tertiaeet
145 1167 260 1204 Eucharistiae
273 1167 405 1213 derelinquunt,
414 1169 480 1204 malurn
490 1169 588 1213 exemplum
597 1169 677 1214 praebent
686 1172 730 1207 lihe-
742 1178 744 1180 ’

51 1215 174 1261 ris,ianrulis,
187 1215 263 1259 altisque
275 1214 340 1250 Christi
354 1214 443 1250 fidelibus.
455 1215 557 1260 Lugendum
566 1215 608 1251 iude
618 1217 673 1251 oritur
684 1219 731 1253 aeti-

12 1279 19 1282 ’
33 1294 37 1297 t
51 1261 730 1310 gionisdetrimentum:numernseorumquiadsaoramemumrenitentia
744 1288 747 1295 .

51 1309 145 1353 accedunt,
155 1309 216 1344 multis
228 1309 247 1343 in
258 1309 309 1348 locis,
321 1308 343 1344 ah
353 1317 402 1342 anno
411 1307 431 1344 in
444 1317 510 1343 annum
527 1308 620 1353 decrescit,
631 1306 731 1352 praesertim
756 1318 760 1327 ·

33 1394 35 1398 ,
52 1356 74 1392 oh
88 1353 135 1390 hanc
147 1365 227 1399 cansam,
242 1354 338 1390 latentibus
346 1354 437 1400 plerisque
449 1354 534 1390 Paroclris
546 1355 619 1401 pietate,
630 1356 705 1394 scientia
714 1363 731 1394 et
742 1370 743 1373 ¹

52 1401 161 1446 experientia
172 1401 227 1446 magis
236 1401 344 1443 conspicuis.

75 1446 166 1493 Quomodo
176 1456 218 1493 orgo
228 1445 270 1482 olim
279 1445 386 1483 confessarii
397 1446 478 1491 agebant,
488 1445 539 1483 aiunt
548 1445 614 1482 inulti?
623 1447 662 1485 Non
670 1449 731 1494 plnres

51 1503 106 1540 quam
119 1493 172 1529 hodie
183 1493 300 1529 nascebantur
315 1493 368 1528 liberi
382 1502 403 1528 ex
412 1494 488 1539 singulis
502 1494 629 1537 matrinroniis3
641 1497 730 1543 coniugati

52 1552 88 1578 non
98 1545 148 1576 erant
158 1541 252 1586 castiores,
260 1545 279 1575 et
286 1539 403 1576 nihilominus
412 1539 505 1587 preceptis
518 1549 580 1576 annuae
589 1540 705 1579 contessinus
714 1552 732 1580 et

53 1589 183 1625 communionis
194 1588 286 1623 Pasclralis
297 1597 332 1623 non
343 1587 423 1623 deerant.

72 1636 141 1671 'Omnes
149 1635 244 1671 admittunt
254 1635 330 1670 libenter
340 1634 462 1670 infidelitatem
474 1643 516 1679 erga
525 1639 640 1680 compartenr,
653 1642 670 1671 et
680 1638 732 1673 ahor-

53 1683 209 1726 sustentationem,
219 1682 362 1720 maximumesse
369 1686 468 1725 peccatum.
478 1681 500 1714 At
509 1681 538 1715 vix
548 1682 618 1726 quidem
628 1685 731 1727 persuaderi

53 1734 129 1774 possunt
137 1738 156 1762 se
165 1729 222 1763 teneri
234 1729 267 1763 sub
278 1733 349 1772 peccato
360 1726 430 1763 mortali
442 1732 472 1761 aut
480 1727 576 1771 perlectam
590 1728 732 1772 inm-atrimonio

53 1778 124 1854 serpere
133 1775 238 1820 castitatem,
249 1779 280 1811 aut
293 1775 385 1811 incurrere
397 1773 497 1820 pericnlum
510 1775 621 1811 innumeram
635 1778 732 1823 generandi

66 1832 86 1856 ΓΟ
94 1829 128 1854 em.
425 1843 426 1846 =

53 1832 162 1902 P'Praciatus
174 1864 311 1902 Cenomanensis
324 1864 422 1912 Episcopus
435 1865 515 1910 ingentia
526 1865 569 1902 hinc
581 1866 679 1903 obventura
693 1879 732 1906 esse

54 1913 105 1965 mala
112 1912 216 1965 praevidens,
224 1918 245 1950 ,et
255 1915 344 1949 anxietate
355 1915 444 1958 tornatus,
453 1922 464 1948 a
473 1912 570 1963 Sanctitate
581 1912 644 1951 Vestra
656 1915 733 1951 sollicite

54 1964 143 2003 exquirit:
332 1963 334 1967 ’

79 2008 131 2042 l⁰Au
139 2005 223 2052 conjuges
230 2006 261 2052 qni
271 2004 383 2041 matrimonio
392 2015 412 2041 eo
422 2009 495 2047 utuntur
504 2004 589 2049 modo,ut
599 2007 732 2055 conceptionem

7 2075 9 2077 ·
39 2077 46 2081 ··
55 2058 173 2101 praecaveant,
183 2059 240 2090 actum
251 2064 283 2099 per
293 2063 312 2090 se
323 2053 422 2091 mortaliter
431 2053 497 2089 malum
507 2052 615 2090 exercennt‘l

78 2102 98 2137 2⁰
106 2100 125 2135 Si
132 2105 182 2135 actus
194 2100 285 2136 lrabendus
296 2101 319 2136 sit
326 2107 345 2136 ut
352 2100 451 2136 mortaliter
462 2100 526 2143 malus,
538 2109 560 2134 an
568 2103 660 2147 conjuges,
671 2103 692 2139 de
701 2105 733 2141 illo

55 2157 91 2184 non
101 2156 120 2183 se
128 2152 238 2189 accusantes,
249 2146 356 2182 considerari
365 2141 435 2191 possint
442 2148 526 2191 tanquam
535 2146 553 2181 in
560 2150 679 2185 caconstituti
686 2151 733 2186 hona

55 2195 89 2231 lida
99 2203 139 2239 qua
148 2203 178 2229 eos
189 2202 199 2226 a
210 2193 258 2239 grati
269 2193 320 2237 culpa
329 2192 416 2229 excuset?

79 2240 98 2275 3⁰
107 2244 133 2276 An
141 2240 233 2285 probanda
243 2240 266 2274 sit
276 2238 339 2285 agendi
348 2240 394 2275 ratio
406 2238 558 2275 confessariorum
569 2241 606 2287 qui,
616 2250 638 2276 ne
649 2244 733 2289 conjuges

56 2287 204 2357 amarmurmulus
218 2286 265 2322 circa
275 2286 347 2322 niodum
362 2296 397 2331 quo
413 2287 522 2323 matrimonii
535 2287 733 2332 juribusutnutunnon

54 2335 177 2381 interrogant.
234 2352 236 2355 v
