1577 2464
41 81 87 132 222
124 68 356 128 nno-conanssniuus
372 74 486 126 panormia
500 94 641 125 xnsraucxos
711 109 713 112 ψ
764 67 766 70 ’

43 181 208 236 ecclesiastico;
227 195 271 225 non
293 187 369 226 tamen
387 182 478 239 reliqui,
496 195 590 238 quorum
610 182 674 225 labor
692 184 727 225 est

42 241 110 294 levis,
121 244 146 286 ut
158 244 211 286 sunt
222 246 330 286 sartores.

74 302 111 346 13.
130 300 181 345 Non
191 304 286 357 possunt
296 301 358 345 licite
377 304 492 345 monetam
513 300 665 344 materialiter
682 300 727 343 fal-

42 374 92 407 sam
102 374 144 419 pro
159 360 273 404 laboribus
285 360 331 403 suis
346 363 462 418 acceptam
474 361 557 404 iterum
569 373 690 416 exponere,
704 363 726 403 et

43 421 170 478 expositam
196 423 302 465 tenentur
320 421 422 477 recipere
448 421 493 465 alia
515 421 650 472 subs-titium
671 420 726 476 quia

43 481 88 525 non
99 482 168 525 habet
182 482 283 523 valorem
294 480 451 536 intrinsecum,
462 481 545 537 aliique
557 481 725 536 deciperentur.

43 541 93 587 Ncc
99 541 175 599 juvat,
188 540 246 596 quod
255 539 315 584 forte
326 540 436 594 nesciant,
446 554 459 584 a
470 555 513 597 quo
528 555 578 584 eam
587 539 725 597 acceperint,

44 603 98 659 quia
119 602 200 645 debent
218 601 240 642 id
261 600 322 643 inter
333 600 464 644 infortunia
483 602 526 645 sibi
543 600 679 654 adscribere,
699 614 727 644 ne

45 662 143 707 scienter
158 660 214 703 alios
228 659 368 703 defraudent.
382 660 451 704 Dixi:
465 661 621 717 Materiale'tcr
630 660 725 718 sotrum.

44 722 119 776 Nam,
137 719 155 764 si
171 719 268 772 materia
282 720 313 764 sit
326 720 384 763 bona
403 722 426 764 et
444 719 474 765 sit
492 725 580 765 tanturn
600 720 727 765 formaliter

44 781 111 834 falsa,
124 781 192 824 idest
208 780 296 834 signum
305 780 414 835 principis
429 781 477 823 sine
489 782 625 825 auctoritate
637 794 728 837 appres—
776 822 778 827 .

45 854 95 885 sum
107 839 198 894 habeat,
211 852 237 883 ac
251 838 352 882 valorem
364 853 513 895 communem,
527 840 569 883 etsi
584 854 632 883 eam
646 840 728 884 cudens

45 902 153 958 peccarit,
165 901 249 953 potest,
260 913 300 954 per
312 912 336 943 se
345 900 465 955 loquendo,
477 900 561 944 iterum
573 901 662 955 exponi.

77 960 113 1004 14.
135 958 160 1004 Si
180 959 297 1015 operarius
312 959 398 1003 addixit
420 958 482 1003 suam
501 972 592 1016 operam
613 973 653 1015 pro
672 958 728 1003 inae-

45 1019 107 1078 quali
130 1018 253 1075 stipendio,
274 1018 346 1063 sciens
367 1020 521 1077 prudensque,
543 1034 586 1063 ncn
604 1019 728 1076 potestati

47 1081 135 1125 occulta
151 1081 347 1136 compensatione3
368 1078 421 1135 quia
438 1080 506 1123 cessit
522 1080 575 1136 jure
595 1094 643 1132 suo⁷
662 1080 728 1122 modo

46 1141 109 1184 nulla
120 1139 204 1184 domini
219 1139 285 1195 culpa
299 1139 457 1183 intervenerit
470 1141 538 1183 Aliud
552 1143 620 1193 esset,
632 1141 649 1182 si
669 1145 728 1182 asset

43 1201 132 1257 ‘injuste
143 1203 233 1242 coactus
246 1201 273 1241 ad
287 1199 322 1251 id3
340 1200 360 1242 si
378 1203 525 1255 occuparetur
533 1200 556 1241 in
568 1199 627 1251 aliis,
640 1200 668 1241 ad
679 1212 730 1254 quae

1 1261 13 1269 ”
46 1274 91 1304 non
106 1262 141 1305 est
156 1259 286 1312 conductus,
299 1271 340 1315 pro
352 1257 387 1301 his
398 1261 474 1315 posset
489 1263 566 1316 petere
582 1258 727 1315 stipendium,

45 1320 110 1374 sique
131 1318 199 1362 aliter
218 1318 319 1372 accipere
340 1332 383 1361 non
401 1320 485 1374 posset,
500 1318 562 1361 licite
582 1319 624 1362 sibi
643 1318 729 1361 occulte

46 1380 212 1435 compensaret,
229 1377 294 1419 modo
312 1378 395 1431 adsint,
409 1379 572 1432 servanturque
592 1377 729 1420 conditiones

45 1453 69 1496 p.
85 1439 108 1493 3,
122 1437 202 1483 Theoi.
217 1437 297 1481 moral.
312 1437 352 1481 sub
369 1451 391 1480 n.
413 1437 466 1490 445,
477 1437 602 1493 requisitae.
614 1437 638 1482 Si
653 1440 729 1482 tamen

45 1499 125 1553 volens
136 1498 223 1542 iaceret
237 1498 344 1553 obsequia
356 1498 466 1553 gratuita,
479 1513 521 1540 non
537 1500 627 1553 posset·⁷
640 1500 679 1542 sed
689 1511 730 1541 re-

46 1558 173 1603 muneratio
185 1558 275 1600 domino
286 1558 346 1601 foret
358 1558 437 1600 libera.
449 1558 482 1600 La
497 1558 573 1607 Oroix,
585 1558 601 1601 l.
615 1557 657 1612 ΠΙ,
670 1571 692 1615 p.
706 1558 728 1602 1.

47 1633 109 1663 num.
120 1618 173 1663 973.
187 1617 245 1662 Vide
258 1617 390 1661 dicta‘num.
403 1618 455 1670 151,
467 1618 580 1664 resol..4³,
704 1626 707 1628 ·

289 1764 432 1812 abrasum
443 1764 485 1807 HI.

48 1867 107 1921 ‘Qua
121 1865 169 1910 stat
181 1857 333 1918 abdicationes*
346 1867 368 1908 et
379 1867 474 1919 peecata
489 1864 600 1920 specialia
619 1865 730 1921 militam,

188 1922 359 1968 Belli-Ducam
379 1935 417 1968 oea
439 1922 599 1981 officialium?

47 2026 88 2065 aar.
97 2023 226 2070 obligationes.
236 2042 260 2050 -
269 2022 350 2064 Peccata:
362 2041 388 2050 -·
397 2022 436 2061 tta.
452 2024 581 2072 obligationes»
588 2023 696 2060 officialium.
708 2043 731 2052 -

74 2073 116 2108 166.
127 2073 202 2107 Peccata
211 2069 294 2106 militum.
304 2088 328 2096 -
336 2071 455 2106 Duellum..-·
466 2072 507 2108 lar,
515 2072 561 2113 Quid
571 2071 706 2107 defoedcxihus.

47 2166 51 2170 ’
75 2160 131 2205 164.
143 2184 173 2191 -
192 2159 262 2214 Resp.
280 2158 299 2202 I.
315 2157 425 2203 Officiales
444 2158 498 2202 belli
516 2158 655 2203 tenenturl.
675 2158 732 2202 Esse

32 2249 34 2251 ·
47 2220 126 2264 fideles
137 2232 177 2263 suo
195 2217 301 2274 principi.
312 2217 335 2261 2.
353 2219 435 2262 Curam
452 2231 544 2262 suorum
563 2219 647 2261 habere
659 2218 731 2273 quoad

47 2293 131 2337 corpus
142 2281 166 2323 et
180 2278 287 2322 animam.
301 2276 323 2320 3.
335 2276 388 2322 N'on
398 2278 507 2322 excedere
516 2276 604 2323 limites
613 2279 732 2336 suaepote·
