1577 2464
14 78 17 81 ⁴
66 54 111 100 292
149 54 379 102 nno-comrnssnnws
394 43 660 107 rnnoiioninsrnucrus
677 75 678 79 ’
754 51 757 57 ¹
777 53 778 56 Ἴ

9 212 11 217 Ι
67 154 210 211 inveteratis,
221 156 304 213 usuris,
315 160 369 213 etc,
382 159 471 202 demum
482 158 534 212 alia,
547 160 615 214 prout
625 160 713 216 tempus
723 161 746 203 et

67 217 244 262 circumstantiae
255 219 378 275 patientur.
710 219 714 224 ’

58 312 60 315 f
97 278 120 321 5.
143 276 168 321 si
187 279 291 322 absoluta
311 278 449 322 confessione
473 277 529 321 nihil
555 279 665 334 supersit,
688 280 747 333 quod

68 337 150 392 gravet
161 336 330 391 conscientiam,
346 340 386 381 aut
396 339 547 393 praestandum
565 340 617 380 ante
634 337 672 391 sit,
685 338 746 382 Gon-

67 395 177 454 fessarius
188 397 335 452 poenitentem
352 398 448 451 benigne
462 398 597 452 alloquatur,
613 399 637 440 et
652 400 747 440 renovet

67 468 120 501 cum
138 468 164 500 eo
183 456 282 501 dolorem
297 456 323 500 de
336 457 443 513 peccatis,
462 459 485 501 et
504 456 641 514 propositum
659 456 747 501 vitandi

70 516 156 570 omnia,
169 516 339 572 occasionesque
353 517 468 572 peccandi,
482 518 522 561 hoo
533 517 569 560 vel
581 516 649 561 simili
661 518 726 560 modo
739 530 745 561 t

70 576 141 627 Densi
152 578 211 620 Deus
222 576 295 620 cordis
306 574 362 620 meil
376 577 473 634 Propter
483 579 505 621 te
517 577 598 634 ipsum,
613 576 649 634 qui
659 577 746 621 infinite

70 634 140 682 bonus
150 651 182 692 es
195 650 245 680 arno
253 640 276 681 te
287 639 310 681 et
321 637 400 680 amabo
412 651 479 693 super
491 638 572 681 omnia.
582 637 689 692 Poenitet-
703 635 744 681 ahl

68 699 163 753 poenitet
177 710 221 749 me,
235 696 444 739 misericordissime
456 699 523 748 Deus,
534 700 590 751 quod
601 701 623 739 te
634 702 680 740 tam
692 710 747 751 gra-

69 756 137 811 viter,
151 757 173 798 et
187 754 255 799 toties
267 753 409 798 offenderim!
426 756 460 798 Tu
473 756 599 811 quaesivisti
611 770 654 809 mc,
668 759 691 800 et
705 770 747 812 ego

69 815 192 871 contempsi
207 818 238 858 te.
258 816 293 858 Ex
308 815 387 858 intimo
404 817 470 858 corde
485 816 557 869 doleo,
571 817 629 870 quod
639 819 669 869 te,
683 823 756 858 omne*¹>

68 875 159 929 bonum,
171 874 231 918 omni
242 888 318 919 amore
329 874 493 931 dignissimum,
503 879 553 927 tam
568 876 633 932 parvi
651 876 748 920 aestima-

68 936 149 979 verim.
169 936 248 989 Pater‚
261 937 351 990 peccavi
366 936 388 977 in
405 937 486 979 coelum
504 941 527 978 et
546 950 621 978 coram
636 938 659 978 te
678 948 683 979 t
700 950 748 979 res-

69 996 118 1052 pice
131 995 245 1037 infaciem
257 995 340 1038 Christi
354 996 397 1050 tui,
414 996 437 1038 et
448 994 555 1043 miserere
567 995 618 1038 mei.
638 995 695 1044 Quid
706 995 748 1039 tibi

68 1055 192 1100 retribuam
205 1069 245 1112 pro
260 1054 370 1112 patientia
380 1058 420 1099 tua
430 1056 453 1098 in
464 1056 516 1098 met
533 1055 608 1099 Offero
624 1069 660 1098 me
675 1058 748 1099 totum

69 1117 97 1159 ad
109 1114 322 1170 obsequentum,
335 1119 358 1157 et
369 1121 443 1158 statuo
456 1116 585 1158 firmissime
597 1129 636 1170 per
649 1116 748 1170 gratiam
778 1169 780 1171 ,

69 1179 141 1228 tuam,
154 1187 220 1229 quam
238 1175 368 1230 suppliciter
383 1177 443 1229 peto,
461 1188 572 1229 nunquam
592 1187 683 1230 peccare
698 1187 748 1218 am-

70 1234 141 1292 plius,
155 1234 280 1277 occasiones
292 1233 397 1290 peccandi
411 1234 498 1290 fugere,
512 1238 535 1276 et
547 1234 587 1277 tibi
599 1234 640 1276 soli
651 1234 747 1292 servire

70 1295 153 1337 Amore
165 1293 199 1336 tui
210 1295 308 1337 condono
320 1294 431 1348 omnibus,
443 1294 481 1349 qui
494 1307 590 1349 unquam
601 1307 637 1336 me
648 1294 749 1337 offende-

70 1356 131 1398 runt.
148 1352 173 1396 In
187 1352 362 1397 satisfactionem
374 1355 461 1409 suscipe
474 1354 570 1407 labores,
586 1354 681 1408 dolores,
695 1368 748 1398 san-

47 1460 50 1464 ,
70 1414 169 1470 guinem,
180 1417 277 1457 mortem
288 1414 340 1457 Filii
352 1414 393 1468 tui,
407 1414 495 1456 Domini
505 1415 548 1456 mei
560 1413 632 1457 JESU
644 1413 728 1458 Christi
742 1427 746 1458 :

70 1475 158 1529 suscipe
172 1477 194 1515 et
204 1474 246 1516 hos
257 1474 345 1516 dolores
355 1486 425 1526 meus,
439 1473 537 1528 questui
553 1486 628 1515 amore
645 1474 750 1517 lubenter

70 1530 144 1577 feram
163 1544 168 1576 :
190 1532 261 1575 vitam
280 1546 353 1576 meam
371 1533 449 1575 lubens
467 1546 507 1589 pro
524 1536 546 1575 te
563 1532 681 1589 profundo.
695 1534 749 1576 Haec

70 1593 129 1638 sicut
140 1607 198 1637 nunc
213 1593 320 1649 supplico,
337 1594 370 1636 ita
381 1594 408 1636 de
424 1596 463 1636 tua
479 1593 566 1636 infinita
579 1594 679 1637 bonitate
694 1607 750 1648 con-

70 1653 123 1706 fido,
139 1657 161 1696 te
181 1667 221 1709 per
232 1653 355 1708 pretiosum
365 1652 499 1708 sanguinem
516 1653 568 1695 Filii
580 1653 613 1696 tui
625 1654 715 1695 veniam
727 1656 751 1697 et

71 1714 169 1769 gratiam
178 1713 292 1766 daturum,
305 1715 330 1755 ut
341 1713 472 1755 emendatus
482 1713 505 1754 in
515 1713 583 1755 finem
594 1726 664 1769 usque
675 1725 750 1769 perse-

7 1809 9 1813 ,
42 1801 44 1803 »
72 1787 157 1817 verem.
171 1774 232 1816 Bone
244 1770 329 1816 JESUI
345 1772 431 1829 respice
447 1786 515 1829 super
525 1787 561 1816 me
574 1772 682 1816 miserum
696 1787 750 1830 pee-

73 1835 171 1876 catorem
190 1832 259 1874 oculis
279 1831 448 1885 misericorcliae‚
468 1833 548 1886 quibus
565 1831 686 1887 'respexisti
704 1833 751 1876 Pe-

15 1909 17 1911 *
73 1895 134 1936 trum
152 1891 243 1934 flentem
270 1891 293 1934 in
314 1890 384 1945 atriu,
411 1891 569 1947 Magdalenam
588 1893 611 1934 in
631 1890 750 1954 convivio,

9 1990 10 1993 ,
73 1952 195 1998 Latronem
206 1951 312 1994 in‘cruois
322 1950 430 2009 patibulo;
439 1956 461 1995 et
472 1955 556 2008 praesta
567 1954 592 1995 ut
600 1955 693 2010 peccata
701 1966 752 1996 mea

58 2025 123 2057 cum
137 2012 207 2056 Petro
220 2011 398 2067 dignationem,
411 2025 461 2056 cum
472 2012 547 2056 Maria
557 2012 753 2069 Magdalenaper-
785 2049 787 2054 ,

42 2078 44 2080 ’
74 2073 132 2118 fecto
142 2083 219 2116 amore
232 2075 255 2113 te
267 2071 367 2126 diligam,
378 2075 401 2114 et
412 2086 463 2115 cum
476 2072 563 2115 latrone
574 2073 596 2114 in
608 2072 718 2116 Paradiso
729 2072 753 2115 in

75 2133 156 2181 saecula
166 2131 300 2175 saeculorum
312 2134 335 2174 te
345 2132 434 2175 videam
450 2134 476 2184 et
484 2131 617 2188 glorificem.
630 2134 710 2177 Amen.
746 2145 748 2149 ·

104 2193 126 2236 6.
140 2192 164 2237 Si
180 2191 209 2233 sit
221 2190 329 2245 obligatio
346 2192 468 2247 praestandi
483 2191 568 2246 aliquid
584 2191 607 2235 in
625 2190 695 2244 vivis
712 2191 753 2249 juss

74 2252 155 2297 beatur
168 2250 224 2295 illud
244 2250 322 2305 statim
339 2251 444 2296 infirmus·
455 2255 574 2310 praestare,
592 2252 618 2295 ut
637 2251 660 2296 1.
678 2250 703 2298 Si
720 2253 754 2296 te·

262 2401 366 2429 ffl‡:?*.‘?,⁴⁴r⁴
371 2406 376 2410 *¹
