1567 2412
265 67 325 99 anns
340 54 358 108 1,
375 66 449 98 onrur
474 67 488 96 u
548 92 551 103 ,
685 53 714 99 21

34 158 83 200 tate
94 158 213 208 creaturae,
226 154 262 198 cui
276 153 422 203 conferuntur
433 156 456 197 et
468 167 496 196 ex
507 154 662 209 magnitudine
673 156 718 199 dos

35 229 123 269 norum,
137 220 159 259 et
171 228 199 257 ex
211 213 291 265 iisdem
303 213 414 269 capitibus
430 213 512 257 crescit
520 256 522 258 ,
530 213 678 268 ingratitudo.
691 215 713 259 5.

35 276 94 326 Deus
106 274 154 331 ipse
172 276 265 329 propter
280 286 303 316 se
319 273 463 331 dignissimus
478 276 521 326 est,
533 274 571 328 qui
588 287 631 315 non
644 273 716 316 offen-

25 335 111 386 datur,
125 333 271 388 dignissimus
287 332 348 376 omni
364 333 434 386 cultu,
446 333 540 385 honore,
550 346 635 386 amore,
653 333 716 387 cuius

35 393 163 449 vilipensio,
176 394 327 449 contemptus,
339 393 424 436 maium
439 393 526 436 unicum
539 399 574 435 est
585 390 716 449 peccatum,

35 453 120 507 maium
134 467 161 495 eo
183 454 285 508 gravius,
305 467 348 508 quo
366 453 440 509 major
461 456 496 496 est
513 449 612 507 dignitas
627 453 714 496 offensi.

26 512 104 568 cujus
114 512 207 567 proinde
218 513 329 568 gravitas,
339 513 381 556 etsi
393 513 515 556 humanum
526 514 636 555 excedens
647 513 718 556 intei-

34 572 127 624 lectum,
150 575 174 615 ut
190 573 263 628 magis
285 575 402 628 appareat,
420 574 561 628 expendatur
581 573 649 625 serio,
668 573 717 628 quis
780 614 783 628 ,

35 631 170 683 offendatur,
185 632 346 686 vilipendatur,
359 635 524 683 contemnatur,
535 646 549 674 a
560 640 611 687 quo,
625 635 718 688 propter

36 691 97 746 quid,
106 691 185 746 quibus
197 691 296 743 auxiiiis,
310 692 355 744 ubi,
365 693 460 746 quando.
474 692 532 740 Quid
542 706 581 747 pro
592 692 640 748 ejus
652 692 718 734 satis-

35 751 133 793 factione
152 751 221 794 Pater
240 766 253 794 a
270 751 329 794 Filio
351 766 390 795 suo
405 752 530 804 incarnato,
547 752 584 806 qui
601 752 718 808 peccatum

36 823 79 854 non
91 810 184 864 iecerat,
196 813 234 854 sed
246 814 323 855 nostra
332 811 430 867 suscepit
439 812 583 863 destruenda,
599 813 716 867 exegerit:

36 882 91 925 quas
106 884 183 925 poenas
199 872 222 913 in
238 872 280 914 hoc
296 874 319 914 et
337 872 412 914 futuro
424 871 507 914 saeculo
524 871 718 927 impoenitentibus

35 929 125 984 infligat
135 931 203 983 Deus,
213 930 276 985 cajus
286 933 367 973 natura
378 930 474 973 bonitas.

10 1015 16 1028 -
68 990 105 1033 13,
117 1014 148 1020 -
163 990 233 1046 Resp.
245 990 285 1035 IV,
305 991 340 1033 Ex
355 990 499 1045 his-motivis
515 991 537 1034 id
554 990 651 1046 primum
662 1004 718 1033 con-

36 1048 145 1093 fessarius
158 1053 276 1105 proponat,
289 1052 347 1105 quod
358 1050 488 1106 poenitentis
499 1050 619 1105 capacitati
635 1054 658 1093 et
670 1050 718 1093 dis·

36 1108 143 1165 positioni
159 1110 233 1166 magis
246 1110 335 1153 videtur
353 1123 488 1165 congruere3
501 1110 540 1153 alii
552 1111 610 1152 enim
626 1110 716 1162 timore,

36 1168 76 1210 aiii
88 1182 164 1210 amore
175 1169 248 1223 magis
260 1170 377 1212 ducuntur,
392 1170 550 1211 Provectiores
562 1170 584 1211 in
597 1170 683 1211 virtute
695 1173 718 1212 et
758 1187 760 1189 ·

36 1227 75 1283 qui
86 1230 195 1270 conantur
212 1228 328 1284 proficere,
341 1228 407 1271 facile
418 1229 546 1272 excitantur
557 1229 717 1271 considerando
738 1268 739 1271 ,

36 1288 146 1331 immensa
157 1288 198 1331 Dei
209 1289 232 1331 in
243 1303 283 1332 nos
295 1289 402 1332 beneficia
412 1289 504 1344 ejusque
514 1289 626 1331 infinitam
637 1289 719 1344 majes-

36 1350 117 1391 tatem.
130 1349 242 1392 Rudiores
254 1352 278 1393 et
288 1349 390 1391 duriores
401 1349 542 1392 concutiendi
558 1353 609 1391 sunt
620 1349 718 1404 primum

36 1406 119 1451 timore
141 1421 258 1463 poenarum
279 1410 303 1452 et
320 1408 433 1452 excitandi
455 1408 483 1452 ad
504 1408 604 1452 dolorem
624 1412 717 1464 propter

36 1467 88 1510 illas
106 1468 261 1523 peccatoribus
281 1482 294 1511 a
313 1469 360 1512 Deo
379 1471 534 1526 praeparatas3
550 1469 629 1512 deinde
646 1469 718 1512 addu-

36 1526 100 1569 cendi
113 1529 140 1570 ad
153 1541 252 1570 amorem
269 1529 391 1583 ingenuum
408 1530 552 1584 doloremque
570 1530 597 1571 ob
609 1529 718 1571 offensum

36 1588 126 1629 tantum
137 1587 316 1641 benefactorem,
328 1588 417 1632 demum
427 1590 454 1631 ad
464 1602 564 1632 amorem
575 1590 616 1633 Dei
625 1594 718 1645 propter

36 1658 61 1688 se
81 1646 226 1701 doloremque
247 1648 424 1703 propteripsnm
443 1648 552 1690 offensum
572 1651 596 1690 et
616 1652 718 1690 contem-

37 1708 109 1761 ptum,
125 1719 176 1749 curn
189 1707 304 1764 proposito
320 1711 413 1764 propter
427 1707 500 1764 ipsum
515 1721 558 1751 non
574 1708 680 1764 peccandi
691 1708 718 1751 de

37 1768 132 1821 caeter03
145 1766 177 1808 sic
192 1764 251 1809 enim
266 1768 375 1821 securius,
386 1767 405 1810 si
420 1767 579 1811 contritionem
594 1768 718 1824 perfectam

37 1839 80 1868 non
97 1830 254 1882 assequantur,
270 1827 352 1871 saltem
366 1827 507 1871 attritionem
523 1828 657 1884 concipient.
670 1828 719 1871 Ex-

37 1885 100 1940 pedit
115 1887 217 1929 omnibus
228 1900 353 1942 proponere
370 1887 467 1942 iabores,
477 1888 719 1943 sudores,.passionem

38 1947 61 1987 et
75 1949 171 1988 mortem
190 1947 283 2001 Christi,
294 1960 352 2003 quae,
363 1951 455 2003 quanta,
468 1961 511 2003 quo
521 1948 575 2002 fine,
588 1962 631 2004 quo
642 1961 719 1991 amore

37 2004 82 2047 ista
93 2004 181 2059 iecerit,
194 2020 273 2062 passus
285 2008 322 2050 sit.
336 2008 401 2061 Ecce,
411 2021 461 2064 quae
472 2009 534 2061 fecit,
545 2009 633 2052 attulit
644 2022 684 2064 pro
695 2011 719 2051 te

38 2064 145 2106 Salvator
161 2069 213 2108 tuus
229 2066 263 2108 tui
278 2080 321 2108 non
336 2081 412 2121 egens,
431 2068 520 2122 etquid
539 2071 564 2110 tu
581 2066 719 2123 rependisti?

38 2123 131 2179 Captari
143 2126 211 2168 etiam
223 2128 302 2181 potest
312 2127 399 2170 occasio
414 2127 527 2170 excitandi
542 2129 570 2171 ad
582 2128 681 2170 dolorem
691 2140 719 2169 ex

38 2183 215 2229 circumstantiis
225 2200 249 2230 v.
267 2200 302 2242 gr.
320 2186 382 2239 testi,
393 2188 521 2244 presertim
536 2202 579 2244 quo
590 2188 720 2231 recoluntur

38 2244 146 2301 specialia
156 2245 197 2289 Dei
216 2244 336 2303 beneficia,
349 2247 386 2291 vei
405 2262 433 2292 ex
450 2248 546 2306 objecto,
558 2248 720 2306 propterquod
