1577 2464
16 132 18 136 .
58 95 107 148 Υ198
124 122 126 125 >
143 107 376 141 uno-counnssnmus
388 107 504 140 adnomen
522 88 663 139 meri-{uerus

63 197 188 241 oramentis
194 199 336 242 moreretur.
349 199 409 242 Hinc
420 212 490 241 novus
506 198 671 241 Pastorinitio
682 210 744 240 curae

64 270 111 302 suae
130 261 154 302 et
172 259 261 313 qnando
277 257 386 314 ingruunt
402 258 475 303 morbi
490 256 623 311 contagiosi,
641 257 696 309 vel,
706 258 744 312 qui

59 320 166 362 >mentem
176 319 250 374 soient
264 317 433 373 citoevertere,
446 318 519 361 edicat
532 315 617 360 suis'de
627 316 743 371 cathedra,

57 392 89 425 se
104 379 142 423 diu
159 382 269 434 noctuque
280 380 364 435 praesto
379 378 482 423 futurum
500 378 528 422 ad
539 378 686 422 Sacramenta
703 391 744 421 ne-

65 437 165 482 cessaria
176 438 373 481 administranda:
387 438 479 493 proinde
492 452 534 495 non
545 441 668 481 vereantur
677 441 745 480 noctu

61 512 91 545 se
102 500 222 541 advocare.
236 497 321 540 Caveat
331 510 417 553 quoque
429 498 520 552 Pastor,
532 513 559 541 ne
569 497 635 540 nimis
645 497 700 540 fidat
711 497 745 541 vi·

66 558 129 603 ribus
140 557 225 601 infirmi
236 561 260 600 et
275 557 365 601 differat
377 558 557 614 Sacramentum,
570 557 682 618 imprimis
690 557 746 601 Poe·

67 618 182 670 nitentiae;
198 617 250 673 quia
264 617 345 669 morbi,
356 619 485 673 praesertim
495 619 570 662 febres
581 618 668 672 calidae,
680 630 747 660 men-

66 684 113 721 tem
122 676 188 720 facite
201 678 316 730 evertunt,
328 676 370 729 ita,
387 680 411 719 ut
422 677 505 720 infirmi
519 682 558 721 aut
566 678 631 733 plane
643 691 694 729 non,
707 679 747 720 aut

14 785 16 788 v
35 744 40 748 ‘
67 737 150 789 minus,
163 735 200 778 vel
219 734 285 780 dubie
298 736 346 792 apti
363 737 420 779 fiant
436 737 465 780 ad
480 738 652 780 Sacramentum
667 737 747 779 Poeni-

67 797 153 841 tentiae.
167 794 212 839 Sed
223 808 295 851 neque
306 795 418 841 satisfacit
429 809 470 840 suo
480 796 552 840 officio
562 798 653 850 Pastor,
664 796 683 844 si
694 805 746 840 suos

68 855 221 901 Sacramentis
228 855 276 911 jam
288 856 386 900 munitos
394 858 536 912 postmodum
548 857 635 900 deterat
643 860 665 900 et
677 870 747 912 neque

68 929 108 972 per
120 930 152 968 se,
171 928 243 969 neque
259 915 380 970 penatium
398 929 435 959 eos
446 916 526 958 visitet
538 929 543 959 :
557 930 606 958 curn
618 917 677 958 enim
690 916 748 959 vici-

68 975 169 1018 nioribus
178 973 248 1017 morti
257 974 331 1032 major
341 974 411 1018 instet
422 989 435 1018 a
446 974 547 1018 daemone
558 975 663 1025 tentatio,
677 980 700 1018 et
710 989 749 1018 sa-

61 1035 122 1089 vlutis
134 1034 267 1092 periculum,
280 1035 397 1092 majorque
407 1035 507 1094 corporis
516 1035 630 1091 animique
642 1037 747 1092 dejectio,

69 1098 123 1139 tunc
134 1093 171 1138 vel
182 1094 280 1138 manime
291 1097 382 1139 tenetur
394 1095 510 1140 Parochus
521 1109 598 1139 eorum
611 1096 678 1139 saluti
694 1110 749 1138 con-

66 1155 154 1205 sulere.
496 1182 498 1187 ,
548 1182 550 1184 v

66 1253 69 1263 ,,
101 1214 123 1258 o.
140 1215 242 1257 Tenetur
259 1214 375 1258 Parochus
398 1215 494 1268 actualis
512 1218 534 1257 et
553 1215 654 1258 residens
673 1228 749 1258 curam

67 1288 179 1318 ,exercere
193 1288 234 1330 per
254 1273 361 1331 seipsum,
375 1275 446 1331 sique,
466 1288 516 1319 oum
534 1276 649 1319 commode
665 1276 749 1330 potest,

67 1336 178 1381 exerceat
189 1347 278 1391 semper
285 1348 326 1391 per
335 1334 404 1378 aliurn
414 1338 492 1391 peccat
502 1336 618 1390 graviter3
632 1334 684 1390 quia
696 1335 751 1378 obii-

73 1394 240 1450 gatioParochi
251 1396 286 1436 est
297 1395 431 1451 personalis.
445 1392 553 1438 stramen
566 1393 697 1449 parochiani
704 1408 751 1447 non

73 1453 119 1498 sint
130 1452 207 1507 inviti,
220 1468 250 1495 eo
258 1454 318 1509 quod
328 1453 386 1497 alius
398 1468 461 1509 aeque
472 1454 538 1508 bene,
551 1456 590 1497 aut
599 1454 679 1497 melius
691 1466 752 1512 prae-

72 1516 153 1558 standa
162 1517 265 1570 prestat,
277 1515 430 1570 potestatium
440 1514 546 1557 adhibere
556 1514 626 1569 etiarn
637 1515 665 1557 ad
676 1514 754 1557 diffici-

73 1574 131 1617 liora
141 1576 282 1630 quandoque,
295 1575 340 1617 imo
352 1578 375 1617 et
387 1588 459 1630 saepe3
473 1574 525 1630 quia
542 1578 594 1618 tuno
606 1577 709 1617 censetur
719 1574 753 1617 fa·

70 1647 125 1677 cere
143 1647 183 1689 per
199 1648 231 1687 se,
247 1634 300 1677 durn
317 1646 358 1689 per
369 1633 438 1677 alium
450 1647 512 1689 aeque
528 1633 632 1678 idoneum
646 1634 712 1688 tacit,
731 1635 755 1678 et

75 1693 159 1736 subditi
171 1696 224 1737 sunt
235 1694 343 1737 contenti.
356 1693 411 1737 Dixi.
422 1706 427 1735 :
438 1693 524 1738 Pastor
534 1694 634 1752 (retractis
645 1694 754 1738 Pastores

76 1752 135 1796 enirn
148 1753 274 1796 habituales
286 1755 384 1806 tantum,
403 1767 442 1796 seu
453 1767 493 1810 per
503 1755 665 1808 fundationem,
680 1753 755 1810 priri-

76 1813 213 1868 legiumaut
223 1813 406 1857 consuetudinem
419 1813 483 1858 liberi
500 1808 513 1857 a
527 1828 581 1858 cuna
593 1828 633 1870 per
648 1816 672 1857 se
687 1826 756 1857 exer·

76 1874 155 1924 reuda,
168 1873 246 1927 quales
257 1876 309 1915 sunt
325 1872 414 1927 quidem
426 1873 525 1916 Praelati
540 1878 563 1917 et
573 1874 657 1918 Decani
667 1873 691 1916 in
702 1873 756 1918 Coi-

76 1931 178 1987 ]egiatis,
201 1936 294 1989 possunt
316 1932 411 1976 officium
433 1933 566 1978 Parochiale
588 1947 694 1977 exercere
715 1938 756 1990 per

78 1992 217 2044 Sacelianos,
228 1992 266 2034 rel
280 1992 402 2051 Vicarios(
417 1992 440 2051 ),;
453 1996 535 2037 debent
550 1999 626 2037 tamen
638 2008 687 2037 esse
699 1993 756 2049 apti,

79 2056 104 2095 ut
121 2063 162 2107 pcr
173 2063 197 2093 se
212 2050 307 2105 possint,
322 2050 401 2095 saltem
413 2052 435 2095 in
452 2053 583 2107 necesitate,
596 2066 673 2106 curam
688 2066 757 2096 ener-

71 2108 141 2165 [cereg
155 2109 279 2166 quiaTrid.
293 2123 348 2153 sess.
361 2111 412 2166 VII,
425 2126 445 2157 o.
458 2126 491 2166 nr,
505 2113 642 2157 deRetorm.
652 2113 680 2156 ad
692 2125 757 2156 omne

77 2170 211 2215 beneficium
227 2171 339 2224 curatum,
355 2172 480 2216 cathedrali
491 2172 594 2226 interius,
611 2170 710 2229 requirit
720 2172 758 2217 in·

100 2304 124 2350 (q
134 2303 160 2339 cr.
170 2305 188 2337 s.
201 2303 252 2348 niph.
265 2301 284 2346 5,
295 2303 336 2338 rar.
345 2303 362 2338 a.
373 2305 390 2339 a.
401 2305 434 2339 suu
444 2305 474 2340 nn.
490 2296 491 2299 ’
