1577 2464
264 93 324 128 PARS
338 106 373 138 ιιι,
390 103 464 126 υιινυϊ
482 94 512 127 vll
682 83 728 130 325

45 185 145 244 potitor,
163 182 203 229 sert
217 182 259 242 pot
274 179 463 238 foeitt'ojuriem,
476 180 543 225 taisel·
553 186 593 227 ost.
615 182 727 226 Similiter

48 247 116 291 miser
127 246 169 301 est,
183 258 225 289 non
240 243 382 288 condonans:
395 241 438 286 sibi
450 243 537 298 nempe,
556 257 599 286 non
609 244 676 295 alteri
688 257 727 292 no,-

46 311 94 355 eet;
102 305 183 349 similis
194 303 252 360 uani,
262 303 300 358 qui
310 301 417 358 lapidem,
429 315 471 357 quo
481 301 565 358 petitus
574 303 625 356 fuit,
635 305 726 354 rodens,

47 368 125 408 dentes
136 364 246 408 obtundit.
266 362 383 417 Optimum
402 361 508 404 vindictae
524 374 594 416 genus
614 364 657 414 est,
677 375 728 405 rem
749 387 750 393 .

45 428 93 469 Deo
103 424 243 479 permittere.
250 421 305 464 Haeo
313 421 332 468 si
340 435 383 476 non
387 420 469 476 juvent
477 423 500 465 et
506 421 592 464 occasio
599 422 727 476 permittat,

47 484 202 530 Oonfessarius
213 481 347 539 provolutus
358 482 386 525 ad
395 494 469 538 genua
478 481 586 525 obstinati
605 494 656 524 eum
667 480 728 525 ima·
760 507 762 510 -

44 546 99 602 gine
110 543 217 589 Oruoifiui
228 543 251 586 in
261 555 337 594 manu,
349 544 412 598 petat
422 556 463 598 per
474 541 562 586 dolores
579 541 672 596 utristi,
694 544 728 592 ut,

47 606 66 648 si
86 619 129 647 non
145 604 244 657 inimico,
257 603 338 646 saltem
357 602 447 646 Christo
469 604 536 646 donet
553 602 669 656 injuriam,
692 603 729 658 qui

48 664 146 706 omnium
158 667 250 719 peceata
267 662 290 705 in
302 677 325 706 se
337 662 435 718 suscepit
448 664 471 704 et
482 662 556 705 dixit:
572 662 639 715 Quod
650 661 692 706 ttltt'
703 673 730 707 ee}

45 721 148 767 utillimis
157 721 211 767 oreis
217 721 314 779 sitistis,
323 722 380 767 nitet
386 721 482 777 fecistis.
494 722 519 779 Si
531 735 574 766 non
584 722 657 774 cedat,
670 721 730 764 diea-

47 788 85 826 tur
98 794 103 825 :
121 783 215 825 Absolvi
228 796 279 825 eum
295 796 338 825 non
350 796 423 839 posse,
436 796 476 825 nee
493 782 583 826 veniam
594 796 607 825 a
618 783 664 826 Deo
676 794 730 838 spe·

46 850 110 894 rare‚'
120 842 164 885 nisi
175 843 284 897 ignoscat.
298 843 319 885 o.
328 842 353 885 Si
364 843 420 885 alias
432 842 544 898 promisit,
557 843 615 898 quod
626 842 696 884 vellet
705 855 729 885 se

46 902 192 945 reconciliare
204 905 227 945 et
241 901 368 945 eommunia
378 901 496 945 eharitatis
516 903 581 958 signa
597 902 729 945 adversario

46 962 154 1005 exhibere
165 965 187 1005 ot
196 976 239 1004 non
249 961 311 1016 feeit,
325 961 438 1005 ordinarie
449 962 536 1006 absolvi
547 977 590 1005 non
601 964 674 1006 dehet.

77 1023 130 1065 231.
143 1046 171 1053 -
182 1024 251 1077 Resp.
265 1023 305 1065 IV.
318 1022 343 1065 Si
357 1022 475 1077 ignoscere
491 1036 515 1065 se
526 1023 594 1076 dieat,
608 1022 728 1066 difficulter

47 1085 131 1135 tamen,
139 1084 165 1124 ut
172 1081 304 1137 inoonoepta
313 1082 430 1124 voluntate
438 1081 550 1135 firmetur,
557 1084 580 1124 et
588 1081 727 1137 perficiatur,

42 1141 153 1196 jubeatur
164 1153 229 1187 orare
240 1153 281 1197 pro
294 1140 393 1184 inimico.
407 1140 548 1184 Sacrificium
562 1142 640 1185 Missae
652 1142 732 1185 offerri·
747 1160 748 1163 ¹

48 1204 120 1255 enret,
133 1202 173 1244 aut
189 1200 277 1252 offerat,
291 1201 339 1258 eJ'us
361 1200 457 1244 salutern
479 1202 620 1245 commendet
636 1202 730 1245 Beatis-

47 1260 111 1304 simae
133 1260 232 1316 Virgini‚
249 1260 343 1316 aliaque·
358 1261 477 1305 eharitatis
495 1262 602 1317 obsequia
623 1265 693 1318 praest
708 1264 725 1306 t.

46 1321 180 1364 Consideret
198 1320 326 1377 exemplum
348 1321 441 1375 Christi,
463 1320 551 1378 aliaque
566 1322 615 1378 pain
633 1322 729 1367 adducta

45 1380 141 1424 motiva.
155 1379 187 1434 ld,
200 1381 258 1436 quod
269 1384 291 1425 et
303 1381 440 1424 suadendum
450 1382 536 1425 nolenti
548 1383 673 1437 ignoscere.
687 1383 730 1426 Ga·

49 1443 101 1484 veat
112 1442 188 1484 autern
205 1440 368 1495 Confessarius
381 1455 408 1484 ne
419 1441 524 1485 videatur
535 1442 595 1485 velle
607 1456 675 1498 agere
686 1443 729 1486 ad-

47 1504 153 1544 vocatum
165 1501 303 1555 adversarii;
314 1501 353 1545 secl
368 1500 442 1556 potius
459 1502 563 1545 ostendat
581 1516 606 1544 se
625 1515 729 1557 quaerere
758 1513 762 1518 “

45 1561 130 1603 bonum
141 1559 228 1604 offensi.
242 1560 267 1603 Si
282 1562 359 1603 tamen
370 1560 477 1616 injuriam
488 1562 581 1618 gravius
600 1562 730 1618 apprehen-

46 1620 119 1675 deret,
131 1632 197 1675 quarn
215 1633 296 1663 revera
311 1619 348 1675 sit,
365 1620 453 1664 ostendi
467 1620 488 1663 ei
507 1623 583 1678 posset
600 1621 696 1675 veritus,
707 1624 730 1667 et

45 1680 152 1735 generosi
161 1693 205 1722 non
214 1693 271 1734 esse,
278 1681 348 1723 talem
358 1681 465 1737 iniuriam
473 1695 516 1725 non
526 1695 591 1738 posse
601 1682 728 1737 remittere;

46 1740 68 1782 si
79 1753 133 1782 vero
145 1739 222 1796 gravis
234 1740 272 1794 sit,
286 1753 311 1782 eo
329 1741 461 1796 generosius
472 1744 516 1785 ete.
535 1754 584 1785 esse
600 1741 727 1786 remittere.

276 1910 278 1916 ,
301 1866 401 1911 CAPUT
411 1869 475 1913 VIII.

49 1950 168 2006 tloonwdo
175 1951 342 2010 perstruendam
350 1966 400 1999 orem
407 1954 506 2014 oblipeto
515 1955 546 2001 od
551 1956 732 2004 restitutionem?

46 2044 90 2082 232.
99 2045 175 2081 Radices
183 2046 332 2081 restitutionis-
340 2045 381 2082 233.
387 2031 451 2084 ‘cansa
459 2055 570 2085 excusantes.
578 2069 601 2076 -
608 2051 650 2086 psl.
659 2051 731 2093 Quando

73 2093 179 2136 monendus,
194 2098 211 2127 et
226 2093 331 2137 obligandus
342 2093 364 2126 ad
373 2096 518 2131 restitutionem?
528 2114 551 2121 ·-
562 2098 635 2140 Quando
650 2097 731 2141 neganda

73 2138 196 2174 ausoluuou-
204 2138 293 2183 estona
303 2139 413 2176 suadendum
421 2151 468 2188 aegro
475 2144 498 2179 ad
506 2143 634 2180 restitutionem
643 2143 731 2189 obligato?

80 2218 135 2265 232.
146 2246 176 2253 -
186 2222 256 2277 Resp.
269 2221 287 2265 Ι.
301 2221 420 2265 Observet
431 2223 543 2282 principia
554 2224 676 2280 generalia,
686 2224 732 2269 ,hae

48 2278 73 2322 in
85 2292 110 2324 re
125 2282 255 2326 auctoribus
265 2281 372 2338 probatem
385 2295 480 2338 quorum
491 2284 589 2342 primurn
601 2287 635 2330 est
648 2297 653 2331 2
666 2285 733 2331 osli-

215 2376 296 2418 llnurun.
311 2374 502 2413 Neo-conerematis.
512 2375 567 2413 -19
