1577 2464
366 7 370 28 l
438 22 440 24 ,

247 70 478 126 4555455454
522 91 534 107 2
587 73 615 99 a
674 71 704 115 93
749 85 750 88 ,

22 172 126 226 comedit,
143 183 213 228 eaque
228 170 322 227 fruitur,
333 171 403 231 quiin
418 185 445 214 55
456 171 525 225 sistit,
538 171 602 215 velut
612 170 704 214 445545-

25 237 86 286 tento
93 231 135 290 (1);
145 231 203 286 quod
215 235 319 274 censetur
332 231 408 275 facere
418 231 447 283 is,
460 233 498 288 qui
507 231 605 275 5555444
616 235 639 274 54
649 231 705 273 bibit

17 292 126 345 nimium,
138 290 176 333 451
191 304 231 335 555
247 290 407 346 necessarium,
419 304 461 335 nec
478 291 534 335 utile
551 291 579 335 54
590 293 706 334 544545545-

24 356 108 399 445555
120 350 183 404 44455,
193 350 222 394 54
238 363 305 405 quam
323 349 404 395 saltem
420 351 551 395 virtualiter
565 350 674 405 refertur,
687 349 706 394 si

26 416 111 459 adeam
127 410 183 455 utile
195 411 232 454 sit.
245 411 307 455 1455
321 414 356 455 554
370 412 397 456 45
408 410 459 455 51445
470 410 641 456 oblectamentis
653 424 706 454 555-

25 485 97 525 suum,
111 471 171 528 quia,
184 474 210 515 ut
224 472 289 516 dccet
307 472 384 516 85554.
397 472 477 516 Thom.
490 472 513 516 2.
526 471 548 515 2.
560 474 641 526 quaest.
653 471 705 519 141,

25 536 68 578 544.
80 531 103 583 6,
119 531 199 586 regula
215 531 314 574 omnium
334 531 501 575 delectabilium
515 531 539 574 in
554 531 596 575 hac
612 530 661 574 4445
672 533 706 575 554

25 594 79 636 uitae
92 590 167 647 aliqua
179 592 310 645 necessitas,
324 594 363 634 aut
372 591 469 645 utilitas,
481 591 519 635 451
535 590 706 644 555455455445;

27 651 83 696 5545
95 651 192 693 olfacere
202 650 281 694 florem
292 651 320 694 acl
334 650 505 695 confortandum
520 654 595 706 55544,
609 650 708 693 5145545
737 701 740 703 μ

26 713 92 756 finem
103 710 192 764 utilem,
204 710 270 767 culpa
287 714 363 765 45554,
375 726 418 754 555
433 708 497 765 4545,
508 711 527 755 54
538 711 578 755 fiat
587 710 657 754 solius
665 725 708 763 vo·

27 772 100 827 145454
65 770 120 813 45445
132 782 207 814 55555
218 771 280 814 1455
292 773 327 814 554
317 771 365 814 445
377 771 439 816 55444
440 770 491 815 4555
502 771 603 824 musicae,
616 773 660 814 545.

56 830 211 886 444-,14555
219 831 250 875 11.
263 832 391 876 Excessus
385 846 409 875 1n
420 831 469 875 cibo
478 830 525 890 (qui
537 830 658 888 opponitur
667 831 708 874 ab·

27 889 140 937 stiuentiac
143 903 204 946 ,quae
216 893 251 934 est
259 904 295 935 45
297 891 467 946 44555454555,
476 892 597 935 55555455
605 904 708 948 praescri

27 955 96 1009 5455
108 946 212 1005 45445545,
234 951 369 1007 appetitum,
389 965 463 1008 5555,
483 955 506 995 54
519 949 619 1009 ’45144545
595 951 691 995 45455
685 965 709 994 ru

28 1010 85 1068 cibo)
97 1013 140 1065 554,
153 1024 227 1066 55455
245 986 494 1115 15555545,55555445
508 1014 558 1055 4554
549 1017 597 1055 tum
606 1010 708 1063 uenialc3
713 1055 714 1058 ,

28 1071 86 1115 4455
98 1073 133 1114 55
123 1070 171 1114 45
184 1084 277 1115 excessu
289 1085 311 1115 45
323 1075 377 1129 55
391 1072 438 1131 (qul
450 1075 542 1129 opponi
544 1086 570 1115 ur
533 1070 700 1117 sobrret
682 1077 709 1125 4,
749 1104 750 1107 ¹

29 1144 78 1187 quae
89 1131 163 1174 virtus
172 1135 216 1186 554,
225 1146 254 1174 cx
264 1132 397 1201 praescripto
405 1132 500 1175 rationis
509 1134 629 1177 moderans
640 1145 710 1188 5555-

28 1192 104 1246 444554,
117 1200 191 1245 44555,
204 1194 227 1235 54
238 1193 317 1248 45155
319 1193 397 1236 5455
391 1206 414 1236 45
426 1195 465 1248 55
467 1191 545 1251 )5454
557 1195 633 1236 45555
643 1205 711 1235 exce
732 1201 736 1211 ’

29 1252 95 1294 45454
112 1252 138 1294 54
157 1225 309 1306 privationem
326 1265 380 1295 usus
399 1252 503 1296 rationis.
517 1253 586 1296 Ratio
603 1256 638 1294 est
641 1252 712 1307 ⁷quia

29 1306 82 1352 5554
95 1309 195 1353 actiones
209 1311 271 1353 54455
284 1323 321 1354 455
339 1309 503 1355 indifferentes
510 1311 604 1355 honeste
621 1310 712 1368 555544-

29 1370 60 1413 1541
62 1383 94 1414 55
106 1370 175 1415 Dixi:
188 1370 235 1416 Ρ54·
223 1382 273 1415 445
290 1366 398 1429 loquendo
402 1371 473 1438 ‚quia
487 1384 528 1427 per
545 1372 647 1415 accidens
658 1384 712 1426 555
713 1408 718 1415 ,

29 1428 75 1472 cari
86 1431 126 1486 pot
127 1431 162 1473 554
172 1432 232 1474 mort
224 1429 308 1474 taliter.
320 1430 339 1474 I.
353 1430 376 1474 84
389 1430 439 1487 quis
447 1430 582 1475 immoderat
573 1434 596 1475 45
606 1435 647 1474 usu
659 1430 712 1473 illo-

30 1502 81 1534 rum
96 1489 162 1547 gravi
164 1492 199 1533 ter
219 1489 288 1534 1554454
307 1490 713 1560 451544445545,4.·54,5545454545

31 1553 81 1593 5554
72 1551 190 1605 trahendo,
201 1556 241 1595 554
232 1550 320 1594 talium
332 1551 405 1596 defect
396 1555 444 1596 tum
459 1561 568 1620 5454545,
579 1551 633 1608 quia
647 1552 713 1595 homo

31 1622 74 1652 555
84 1612 120 1654 554
110 1609 237 1654 tdomiuus
251 1612 286 1654 sui
306 1611 415 1667 corporis,
428 1613 467 1655 sed
478 1608 650 1655 administrator
660 1614 714 1655 455-

30 1673 88 1724 455,
104 1671 127 1714 54
141 1672 190 1714 cust
192 1682 235 1714 os:
248 1670 306 1715 unde
319 1674 399 1728 ageret
408 1684 452 1715 non
462 1670 553 1717 4554445
568 1674 648 1715 contra
658 1671 714 1715 cha-

31 1730 124 1774 444555
135 1742 259 1787 propriam,
280 1744 308 1783 ex
327 1744 371 1787 qua
385 1731 531 1789 juxt.aLess
548 1733 571 1775 et
562 1731 657 1785 telios,
670 1745 714 1778 non

29 1789 104 1836 54555
114 1791 165 1847 sibi,
177 1802 243 1860 quam
255 1790 288 1835 514
289 1791 322 1834 544
326 1795 424 1836 4555444
435 1804 479 1836 555
494 1804 575 1836 555545
586 1792 609 1834 45
619 1765 715 1835 554545-

31 1847 98 1905 libus,
116 1851 240 1895 5544454545
252 1853 378 1907 5554555
392 1851 442 1896 Der
455 1850 479 1911 2
492 1850 518 1895 84
529 1851 558 1895 54
568 1851 674 1906 officium
687 1851 714 1894 ad

32 1910 91 1966 quod
101 1911 141 1955 sub
153 1911 220 1969 gravi
230 1912 329 1966 45554444,
340 1924 364 1955 55
370 1909 475 1969 ineptum
484 1909 572 1956 454454.
585 1912 608 1956 3.
620 1911 645 1956 84
656 1909 716 1957 exci-

32 1972 110 2025 45455,
124 1973 265 2016 44545554
277 1971 359 2025 orbum
375 1973 465 2028 4514554
467 1986 513 2025 um,
529 1975 556 2015 54
571 1973 599 2016 54
612 1971 716 2015 servien-

34 2028 85 2072 dum
104 2030 198 2087 4515545
185 2026 320 2086 5444454545
336 2032 447 2086 comedat,
459 2032 497 2076 vel
508 2030 579 2076 brba
584 2031 641 2076 Η55
655 2031 716 2075 enim

10 2091 68 2133 «554
91 2089 148 2160 plus
167 2103 234 2147 quam
253 2091 303 2136 bes
304 2090 362 2145 4515
380 2092 540 2153 hominemque
561 2091 645 2137 christ
640 2103 716 2136 lanum

33 2154 129 2205 praesert
130 2151 161 2195 454
119 2150 236 2195 4451445
246 2147 346 2196 dedecet
329 2125 420 2196 41455
428 2149 506 2198 dicunt
515 2151 586 2210 aliqui
594 2144 626 2198 dc
633 2165 668 2209 55,
678 2150 716 2209 qui

56 2281 80 2331 w
90 2283 116 2322 Cf·
126 2286 172 2331 Gurl
182 2283 195 2331 ¹1
204 2285 235 2332 27.
244 2281 285 2323 dico
295 2284 314 2332 2,
322 2287 359 2323 554.
370 2278 518 2333 5485115544,
560 2294 562 2298 ⁷
574 2283 585 2286 ¹·
626 2283 634 2285 ·>
647 2276 649 2280 ’
681 2290 684 2296 .
