1577 2464
283 103 343 134 anias
358 103 383 144 11,
402 101 475 133 capua
489 101 499 131 1
668 96 670 98 ·
704 87 735 132 83
749 144 751 146 q

36 193 105 245 ΜΕ,
121 194 145 235 et
154 191 228 235 ruinae
243 189 281 232 vel
290 189 423 244 ‘praesentis
439 187 478 231 vel
492 187 633 243 postfuturae
651 186 699 232 tam
710 189 734 233 iu

49 251 143 309 propria
153 261 259 305 persona,
272 261 339 303 quam
354 250 377 289 in
390 248 448 290 aliis.
463 247 501 289 Sic
512 248 572 288 enim
584 246 700 292 inclinatio
711 249 735 290 in

49 323 148 356 venerea
158 309 280 361 excitatur,
299 311 322 351 et
334 311 438 363 augetur,
452 311 475 350 et
486 306 609 363 pessimum
624 308 735 351 malarum

50 369 214 426 cogitationum
225 381 302 411 semen
317 367 442 424 ingenitur,
458 367 516 422 quod
527 370 606 422 postea
617 369 656 409 aut
668 370 736 410 natu-

50 432 140 481 raliter,
157 433 197 472 aut
212 442 225 471 a
242 430 342 471 daemone
357 428 481 471 excitatum
500 427 569 470 etiam
586 429 637 482 post
653 427 736 471 multos

51 499 121 535 annos
132 488 271 531 tentationes
283 491 369 535 causat,
383 491 406 531 et
417 488 494 530 ruinas
508 500 512 530 :
528 487 586 530 sicut
601 499 677 529 semen
688 486 737 530 lolii

52 550 114 606 agris
125 549 228 602 insitum,
241 550 261 593 si
273 562 315 592 non
327 549 414 601 statim,
428 548 472 591 alio
482 551 559 591 tamen
570 550 674 602 tempore
686 547 736 589 ori-

50 614 98 664 tur,
121 612 144 652 et
160 610 234 663 bonas
250 611 338 664 segetes
350 608 485 664 supprimit,
505 607 611 663 agrisque
634 606 737 662 graviter

52 677 125 714 nocet.
147 670 211 711 Unde
225 669 309 724 'turpia
325 669 442 723 loquentes
459 668 563 722 graviter
582 670 634 710 sunt
654 667 738 710 dehor-

51 729 132 773 tandi:
152 728 186 776 Vc
197 728 291 781 laconici,
299 741 343 785 per
354 741 419 786 parem
429 727 564 772 sacricolam
580 726 650 771 cciiii.
669 726 738 771 Dabis

54 789 166 833 rationem
180 790 207 831 de
217 790 343 841 animabus,
357 802 406 843 quae
418 790 490 843 perte
502 788 523 829 in
537 787 634 839 ruinam,
647 791 670 829 ct
679 786 739 830 forte

54 850 77 893 in
89 852 199 893 aeternam
210 848 367 903 infelicitatem
379 849 496 893 (locentur.
510 847 554 890 Tot
569 849 662 903 peccata
675 851 739 891 coin-
782 848 784 850 ’

54 909 136 963 mittis,
150 914 203 964 quot
215 910 317 964 personis
329 909 412 952 malum
424 908 560 963 exeinplum,
574 911 597 950 et
608 907 740 951 scandalum

54 969 148 1024 praebes.
163 970 192 1010 Et
204 969 256 1023 qnid
268 969 287 1011 si
300 968 385 1010 tuerint
397 964 535 1015 innocentes,
549 968 586 1022 qui
598 967 640 1009 sibi
653 981 666 1008 a
679 967 740 1010 malo

54 1040 136 1073 cavere
148 1028 243 1072 necdum
264 1027 320 1072 satis
338 1030 430 1081 norunt,
447 1026 484 1083 qui
503 1026 575 1070 adhuc
592 1025 685 1081 pietatis
703 1028 741 1071 te->

57 1101 127 1142 uerae,
146 1091 170 1131 et
184 1089 207 1129 in
218 1092 337 1142 utramque
354 1091 442 1143 partem
461 1087 581 1129 admodum
591 1085 695 1130 flexiles?
715 1087 741 1129 Si

57 1147 118 1192 dicat
132 1148 222 1191 :Erant
237 1147 360 1203 conjugati.
374 1147 425 1200 His,
439 1148 458 1191 si
473 1147 504 1190 sis
516 1159 583 1190 causa
598 1146 679 1199 ruinae,
692 1146 741 1190 haec

56 1207 152 1264 gravior
169 1208 221 1251 erit.
244 1208 268 1251 Si
289 1207 350 1250 dicat
367 1218 371 1250 :
391 1207 443 1250 Non
460 1220 510 1250 sum
526 1206 575 1262 ipse
589 1206 687 1259 locutus,
699 1205 741 1249 risi

56 1271 133 1311 tamen
147 1268 175 1312 ad
187 1268 257 1311 verba
267 1267 344 1323 turpia
363 1280 370 1311 1-
381 1281 410 1311 an
426 1281 477 1310 cuin
492 1266 617 1310 delectione
633 1279 739 1320 venere-a,
778 1264 780 1266 ’

56 1328 94 1371 vel
106 1329 133 1371 de
145 1329 213 1372 rebus
228 1329 341 1381 venereis,
360 1331 400 1371 aut
414 1327 437 1370 in
451 1326 523 1371 risum
540 1326 666 1382 prorupisti
683 1327 742 1371 citra

56 1388 147 1444 plenam
176 1388 361 1430 deliberationem
387 1400 414 1428 ex
437 1386 536 1428 naturali
553 1387 618 1441 quasi
645 1387 740 1441 impetu,

57 1447 95 1491 vel
115 1447 185 1491 risum
203 1447 331 1491 voluntarie
352 1446 498 1499 continuasti,
516 1445 593 1489 verbis
609 1444 742 1490 attendisti

57 1508 168 1551 Ridentes
181 1509 209 1550 ad
224 1509 301 1563 turpia
310 1511 402 1550 movent
417 1507 481 1559 alios,
493 1509 518 1548 ut
529 1506 643 1559 audacius,
657 1509 680 1549 et
690 1506 740 1549 diu·

58 1567 104 1612 tius
123 1568 262 1624 turpiloquia
277 1567 418 1624 protrahant.
433 1566 476 1616 Qui
494 1567 581 1622 praebet
593 1566 660 1610 alteri
677 1578 741 1611 occa·

58 1628 144 1672 sionem
164 1628 297 1683 turpiloquii
316 1627 461 1671 continuandi
486 1640 536 1670 cum
556 1640 604 1679 suo,
626 1627 664 1669 vel
685 1627 740 1670 alio·

59 1701 111 1736 rum
127 1688 228 1745 periculo
245 1688 330 1745 lapsus,
351 1688 388 1731 vel
407 1686 566 1732 auctoritatem
582 1686 617 1730 illi
638 1690 740 1743 praestat,

58 1753 137 1806 peccat
155 1748 258 1805 graviter
277 1751 369 1805 peccato
388 1748 496 1802 scandali,
518 1748 561 1791 etsi
583 1747 680 1791 interius
700 1760 741 1793 nou

60 1810 193 1867 approbatio
213 1810 314 1855 exterior
331 1809 365 1852 rei
381 1808 494 1861 mortalis,
514 1811 549 1851 est
565 1807 670 1851 mortale.
690 1808 741 1852 Haec

59 1870 147 1925 pariter
161 1870 239 1913 valent
250 1869 277 1913 de
291 1869 396 1924 turpibus
410 1867 538 1922 cantilenis,
554 1868 664 1923 gestibus,
679 1881 742 1924 spec-

59 1929 150 1982 taculis,
172 1928 268 1972 lectione
284 1928 394 1971 librorum
411 1928 524 1985 turpium3
542 1928 583 1970 hos
598 1927 676 1983 legere
694 1940 743 1970 cum

60 1989 172 2046 probabili
188 1989 288 2047 periculo
299 2002 421 2032 consensus
432 1988 532 2042 venerei,
546 1987 690 2043 culpagravi
702 2000 743 2030 non

53 2053 139 2102 'vacat3
159 2062 230 2102 secus,
244 2049 263 2092 si
280 2050 321 2091 hoc
332 2048 456 2103 periculum
477 2047 544 2100 absit,
564 2050 587 2090 et
604 2047 644 2090 tiat
655 2050 744 2092 tantum

61 2121 89 2153 ex
100 2108 241 2161 curiositate,
255 2110 313 2165 quod
325 2113 401 2151 tamen
413 2107 565 2164 periculosum
577 2112 619 2160 est,
632 2106 675 2151 nisi
685 2105 745 2151 adsit

59 2170 123 2226 justa
134 2184 210 2222 causa,
223 2174 246 2214 et
261 2172 319 2213 loona
330 2169 455 2213 intentione
467 2169 582 2225 legantur.
662 2212 664 2215 .

92 2231 130 2274 73,
143 2256 173 2262 -
183 2231 254 2285 Resp,
267 2230 307 2274 Vl.
327 2229 350 2273 Si
364 2230 474 2285 poenitens
490 2243 513 2272 se
525 2230 615 2273 accuset
629 2229 656 2272 de
670 2227 746 2284 pollu-

63 2290 125 2333 tione
141 2294 249 2333 nocturna
264 2290 287 2333 in
306 2303 383 2333 sonmo
398 2297 467 2334 orta:
484 2291 583 2347 petatur,
600 2303 627 2333 an
641 2287 705 2332 illam
722 2288 746 2332 in
