1577 2464
43 62 105 115 '298
126 61 373 114 *uno-eonnnssnums
388 79 500 112 runouion
515 80 655 113 insenuerus
690 83 692 86 ·
719 59 750 115 1,
782 63 788 65 ’

60 192 62 195 ·
73 197 74 200 =
89 167 113 212 2.
125 167 204 212 Vitam
215 179 234 225 a
244 167 291 210 Deo
302 166 375 225 gratis
391 166 531 224 accepimus3
547 178 587 211 eur
596 180 648 211 eam
659 181 740 224 repos-

60 228 120 286 oenti
139 240 183 270 non
193 227 291 271 libenter
302 227 439 281 obediamuS,
455 230 480 270 ut
493 227 641 284 temporalem
657 231 679 272 et
694 228 739 273 1111-

60 302 135 333 serem
147 291 271 332 commutet
281 288 304 331 in
315 291 424 331 aeternam
436 290 459 331 et
467 285 569 330 1611661111

26 355 32 359 ’
87 349 114 393 3.
125 347 178 393 Non
190 362 267 393 sumus
278 347 375 404 majores
387 348 483 401 Sanctis,
497 347 591 404 Virgine
602 348 677 392 Matre
687 348 737 404 Dei,

60 411 110 464 ipso
119 409 219 454 Christo.
232 408 310 451 Sancti
318 407 402 450 mortui
412 411 471 462 sunt,
483 412 505 450 et
515 411 611 449 mortem
623 408 740 452 desidere*

60 471 151 512 verunt.
170 467 242 525 Cupio
253 466 348 511 dissolui
359 470 380 511 et
391 479 436 513 eme
449 479 499 512 611111
512 466 610 520 (numm,
624 467 739 523 inquiebat

61 527 87 573 S.
105 528 198 572 Paulus.
218 528 242 571 S.
260 526 361 581 ignatius
377 529 468 583 martyr
484 528 587 583 cupiebat
605 527 710 570 devorari
725 541 739 570 a

3 606 7 608 >
60 587 140 633 bestiis
153 587 195 630 sibi
206 585 348 643 praeparatis,
360 591 384 629 ut
395 586 485 630 Christo
496 588 617 645 frueretur.
630 587 657 631 B.
667 587 739 643 Virgo

60 649 205 699 mortuaest,
217 649 243 689 ut
251 646 380 689 imitaretur
393 646 476 689 Filium
486 660 558 690 suum.
574 647 677 691 Christus
687 648 739 702 dig-

60 711 128 750 natus
139 709 174 749 est
184 705 250 758 mori,
264 707 290 748 ut
300 718 340 748 nos
351 704 459 748 liberaret
473 718 486 747 a
497 704 570 750 morte
579 709 673 751 aeterum
684 707 739 755 Quis

58 770 149 825 :recuset
160 764 305 826 igitur-moni,
314 765 333 808 si
340 765 372 808 itu
381 766 427 809 Deo
437 765 538 821 placeat?
547 766 590 821 lta,
600 767 678 822 Pater,
686 781 739 823 quo-

60 827 121 870 nia-m
133 826 165 869 sie
176 826 284 881 placitum
294 828 329 868 est
339 827 391 869 ante
399 829 429 877 te,
441 828 544 880 paratum
554 840 593 870 eor
602 841 685 880 meum,
697 841 740 882 pa-

60 889 135 931 ratum
143 886 170 928 ad
178 885 302 928 taciendam
310 885 525 930 voluntatemtuam.
534 886 588 929 Sive
597 886 683 943 vivam,
691 887 740 931 eive

37 988 39 990 .
60 949 153 999 morian,
167 948 218 988 tuus
235 959 292 988 sum.

91 1007 113 1050 4.
131 1006 308 1059 Peregrinamur
323 1018 337 1047 a
351 1005 459 1058 Domino;
477 1005 514 1048 hie
531 1005 553 1047 in
568 1005 636 1049 exilio
653 1019 738 1060 sumno,

3 1064 11 1103 ἶ
60 1065 136 1121 petria
147 1067 224 1107 nostra
234 1063 316 1106 eoelum
324 1066 361 1105 vest
375 1077 380 1107 z
392 1064 442 1119 quis
452 1065 481 1107 ad
493 1078 544 1113 eam
555 1079 598 1107 non
609 1065 703 1109 festinet
712 1079 740 1109 ex

10 1134 12 1136 ·
60 1125 102 1168 hao
118 1125 271 1181 laerymarum
281 1121 355 1166 uallet
365 1121 447 1166 Pater!
464 1136 506 1166 non
518 1137 577 1178 mea,
595 1125 634 1168 sed
645 1127 684 1168 tue
696 1138 739 1169 vo-

60 1184 200 1230 luntes'iiut.
220 1183 411 1238 Quemadmodum
426 1183 539 1229 desederat
553 1197 630 1230 omum
642 1185 673 1230 ud
685 1185 740 1241 fom-

2 1261 4 1264 ·
43 1301 46 1303 ,
62 1248 105 1291 tem
119 1257 240 1303 aquarum,
253 1244 288 1289 itu
302 1244 414 1288 desider-ut
425 1245 502 1289 matum
518 1258 566 1289 mm
582 1246 612 1289 mi
627 1250 654 1298 te,
667 1247 738 1291 Deme.

2 1325 4 1333 1
39 1302 43 1304 ’
89 1305 231 1359 Notandum,
239 1305 297 1360 quod
308 1304 483 1360 resignationem
493 1318 552 1360 saepe
564 1304 676 1349 difficilem
685 1307 739 1349 red-

61 1365 115 1409 dant
133 1370 233 1419 terrena,
246 1364 336 1420 conjux,
349 1364 422 1419 liberi,
441 1369 495 1420 ete.;
511 1366 560 1409 hoen
571 1369 737 1421 removeantur,

60 1439 101 1468 nee
115 1425 250 1479 colloquium
268 1424 334 1466 cleiis
350 1425 494 1479 instituatur3
507 1426 550 1466 nisi
562 1425 621 1466 forte
635 1435 740 1468 neeessa-

59 1484 120 1535 rium
136 1482 204 1537 toret,
221 1482 372 1538 jnbeetnnque
389 1482 491 1526 infirmus
511 1497 588 1526 eorum
604 1484 739 1527 mentionem
779 1515 780 1518 η

61 1542 166 1586 omittere
179 1546 202 1585 et
212 1544 259 1586 Deo
276 1542 419 1585 committere
430 1554 435 1583 t
449 1542 500 1598 quio
511 1542 549 1584 ille
559 1543 614 1585 nihil
624 1544 739 1597 utilitatis,

60 1604 157 1648 multum
169 1617 223 1646 vero
240 1601 375 1646 incommodi
391 1602 465 1657 affert,
486 1602 549 1646 illum
569 1603 695 1660 affligendo,
714 1609 740 1648 et

60 1663 210 1720 impediendo,
227 1677 270 1719 quo
281 1663 355 1706 minus
373 1662 401 1705 ad
415 1663 471 1705 bona
482 1663 568 1717 majora
580 1678 604 1707 se
616 1667 737 1720 praeparet.

17 1742 20 1747 ’
60 1723 156 1779 llooelo,
168 1737 211 1780 quo
223 1725 339 1779 properat,
354 1721 403 1777 plus
414 1721 459 1765 illis
473 1723 553 1766 anxilii
568 1724 691 1779 impetrare
702 1737 740 1780 po-

61 1783 125 1838 terit,
139 1797 205 1838 quam
221 1783 287 1826 vivus
299 1785 419 1838 praestaret
429 1782 451 1825 in
467 1783 544 1827 ternis.
563 1785 633 1827 Pater
649 1784 739 1827 illorum

60 1843 121 1886 Deus
138 1845 180 1894 est,
196 1842 239 1897 ipsi
252 1856 308 1884 eura
322 1841 366 1883 erit
382 1841 408 1884 de
419 1842 472 1885 illis.
490 1842 560 1885 Brevi
577 1844 681 1886 standum
696 1843 740 1886 erit

61 1906 115 1945 ante
132 1901 231 1945 tribunal
242 1902 292 1954 Dei,
308 1900 340 1958 ibi
351 1906 464 1956 quaeretur
479 1903 505 1944 de
523 1903 628 1958 operibus
646 1904 738 1955 nostris,

61 1976 105 2004 non
117 1962 145 2004 de
159 1961 255 2004 aliorum
264 1960 381 2014 felicitate,
393 1961 495 2005 Christus
505 1964 577 2005 nudus
591 1966 694 2005 mortuns
702 1964 741 2007 ‘est

61 2021 84 2066 in
96 2021 176 2076 Oruee,
191 2023 214 2065 et
225 2034 265 2064 nos
281 2022 362 2064 mundo
372 2026 460 2078 oportet
474 2022 540 2076 mori,
555 2026 674 2079 antequam
689 2036 741 2066 mo·
763 2060 765 2065 ,

61 2095 157 2125 maman,
270 2117 272 2121 1
666 2122 672 2126 ,

44 2191 46 2193 ,
92 2141 190 2184 2114-
200 2140 270 2196 Resp.
288 2139 329 2182 lll.
342 2140 387 2183 Pro
404 2141 553 2198 praeparando
568 2140 642 2184 auimo
658 2140 687 2185 ad
697 2155 740 2198 pa-

62 2202 164 2245 tientiam
176 2199 256 2253 servit,
265 2200 286 2243 l.
296 2200 393 2244 Necesse
403 2204 445 2253 est,
457 2215 497 2243 nos
509 2200 563 2256 pati,
576 2201 628 2255 quia
637 2201 740 2245 homines
778 2212 781 2216 “

17 2292 19 2295 f
62 2275 148 2315 sumus,
160 2260 212 2317 quia
223 2259 309 2315 exules,
320 2259 508 2317 quiuGhristiani.
518 2261 590 2303 Homo
602 2261 701 2321 nascitur
712 2263 741 2305 ad
