1567 2412
45 43 79 92 lu
126 52 486 103 1133-3333333131333111331311
503 32 643 101 1333133333
682 36 699 85 J
768 58 771 72 1

44 147 93 190 tum
103 144 209 199 quodnec
219 141 335 186 confessus
345 140 383 197 sit,
392 153 432 185 neo
443 141 508 185 modo
519 142 662 197 confiteatur,
670 144 696 188 31
706 142 727 187 31

44 216 140 259 sponsus
149 203 284 248 ‘confiteatur
293 215 317 244 se
328 214 343 243 a
355 201 463 256 paschate
474 200 602 244 confessum
613 215 656 243 non
667 215 726 255 3333,

35 262 181 305 vfornicatum
188 263 264 304 autem
275 274 382 305 33333313
394 272 435 303 sua
444 263 582 317 sponsapost
591 260 727 306 dominicam

44 322 68 366 in
76 321 200 375 albis3haec
209 320 261 363 dein
270 319 423 376 pariterdicat
432 333 456 363 se
465 322 591 376 apaschate
601 320 730 365 confessam,

45 395 89 426 non
102 393 159 435 csse,
169 381 196 424 de
207 379 356 424 fornicatione
364 384 440 433 autem
447 381 584 424 mentionem
594 394 638 422 non
647 380 726 436 iaciat,

44 444 122 499 potest
141 440 293 497 confessarius
314 453 377 484 more
400 444 507 484 consueto
527 449 576 484 eam
597 441 727 484 examinare

44 500 151 555 circaea,
167 514 218 558 quae
237 500 346 557 ejusmodi
362 499 500 557 interrogari
517 502 597 554 solent,
610 515 633 553 v.
645 514 683 556 gr..
699 514 731 544 au

45 562 118 619 ipsam
129 561 162 604 nil
179 561 241 606 ultra
255 563 332 617 angat,
351 573 380 603 33
396 560 453 604 nihil
464 561 586 618 contigerit
605 565 657 616 post
673 575 729 605 cou-

45 625 121 665 1331313
138 622 261 677 sponsalia,
276 622 334 675 quod
351 620 512 665 conscientiam
530 634 628 675 gravare
646 621 726 675 possit,

46 681 100 737 quia
118 694 146 723 ex
161 682 255 723 scientia
272 679 312 722 illa
330 679 399 722 etiam
416 679 574 723 sacramentali
590 693 633 722 non
651 679 729 723 amisit

46 739 198 784 confessarius
211 739 249 796 J'us
267 738 423 795 interrogandi
442 740 508 783 modo
524 739 650 792 ordinari03
670 738 732 795 qnod

46 798 113 851 addo,
126 799 179 856 quia
198 800 230 845 ad,
241 811 336 841 examen
353 798 559 842 extraordinarium
579 798 618 841 illa
635 798 728 842 utinen
749 837 752 846 ,

46 859 109 903 licet.
122 859 181 903 At
164 873 184 902 31
198 870 279 915 sponsa
290 863 358 911 neoc
375 862 491 914 peccatum
510 858 574 911 illud,
592 859 735 915 3111113333.

47 918 711 972 11111331133313333313,33313333111331,ΑΑ..0311313131

46 975 137 1037 putant,
150 952 314 1022 absolutionem
326 979 422 1022 dandam
433 992 486 1022 -3333
501 932 734 1034 31111331311113331133γ

47 1040 105 1096 quod
122 1053 165 1081 333
181 1040 292 1082 minorem
312 1039 378 1081 fidem
396 1041 520 1092 mereatur,
540 1052 607 1093 qnam
625 1039 729 1095 complex

47 1103 125 1156 peccat
127 1098 142 1152 i,
156 1099 278 1154 adeoque
269 1098 622 1153 ,(1330313313113333111311331.
635 1098 733 1154 Admit-

12 1195 14 1201 ,
47 1158 210 1209 tunthocalii,
224 1159 243 1201 si
259 1158 290 1200 sit
306 1158 476 1212 ratioprudens
490 1157 619 1211 excusandi,
633 1159 729 1213 eoquod

47 1230 92 1261 non
102 1218 244 1272 recordetur,
259 1215 306 1260 fort
296 1218 319 1260 te
332 1216 387 1260 illud
399 1216 445 1261 fact
436 1219 483 1261 tum
495 1229 544 1260 3333
556 1219 607 1272 post
623 1217 735 1272 ultimam

8 1330 9 1334 Ἰ
47 1276 220 1337 confessionem,
231 1279 271 1320 aut
282 1290 310 1319 ex
321 1276 383 1319 rudi
374 1279 421 1320 ate
433 1291 474 1320 sua
486 1279 551 1333 putet
561 1276 734 1332 inculpabiliter·

25 1337 116 1390 ,licere
127 1328 239 1393 copulam
257 1349 283 1378 33
297 1337 364 1391 quod,
376 1336 557 1392 niquaudoquc
568 1336 653 1389 dicun
635 1337 730 1380 tis-ex
734 1372 736 1376 .

25 1396 27 1400 ’
47 1396 136 1441 timarit
145 1397 225 1452 sejam
236 1409 312 1439 coram
325 1397 371 1440 Deo
383 1371 734 1499 3333333]113313,313,0111333

47 1457 93 1500 tale
99 1456 212 1513 judicium
222 1441 321 1498 formari
336 1470 378 1498 non
390 1456 470 1512 possit,
489 1457 563 1512 sitque
578 1455 735 1501 confessarius

47 1518 131 1570 certus,
140 1516 203 1573 quod
213 1519 329 1572 peccatum
340 1516 396 1560 illud
411 1516 512 1559 clavibus
527 1530 571 1559 non
586 1516 656 1560 fuerit
674 1517 734 1561 31111-1

45 1578 145 1633 J'ectum,
166 1579 231 1630 recte
247 1579 337 1628 tenent,
360 1577 520 1618 absolvendam
541 1590 584 1617 non
607 1590 667 1629 esse,
689 1577 735 1621 sed·

47 1635 135 1691 praevia
152 1635 304 1684 admonitione
319 1635 434 1678 ordinaria
450 1636 477 1689 de
497 1635 642 1678 matrimonio
661 1636 729 1693 digne

47 1696 153 1748 ineundo,
165 1698 243 1751 utpote
258 1709 286 1738 ex
297 1709 340 1751 quo
355 1696 438 1750 pendet
448 1694 501 1751 pars
512 1709 595 1751 magna
611 1696 728 1741 felicitatis

48 1756 72 1798 in
92 1769 118 1796 eo
137 1756 305 1809 exspectandae,
329 1755 400 1809 deque
423 1754 526 1810 diligenti
546 1756 727 1812 praeparatione,

48 1814 108 1858 dicto
124 1813 271 1879 Mtsmeotar,
284 1814 332 1858 sine
352 1814 501 1867 absolutione,
513 1814 608 1864 insciam
626 1823 669 1858 non
687 1817 755 1870 (13ηΙ

48 1878 95 1920 tam
118 1848 409 1927 3333,111311113311313,33
431 1878 597 1919 sacramentum
619 1876 730 1921 adminis-

48 1938 123 1980 treton
135 1928 247 1988 invalide,
260 1936 307 1978 tum
320 1936 372 2004 quia
382 1935 456 1991 potius
471 1934 585 1978 accusanti
597 1947 620 1979 33
632 1950 681 1979 3331
694 1937 729 1981 331

48 1995 186 2048 confusione,
199 2008 265 2061 quam
277 1995 369 2048 nouanti
381 1996 439 2038 forte
453 2010 480 2038 ex
493 1992 577 2051 pudore
593 1989 729 2041 credendum

48 2059 96 2108 est,
120 2059 168 2097 tum
186 2053 238 2108 quia
255 2054 416 2099 confessarius
421 2056 495 2098 dando
517 2055 595 2097 absolu
596 2055 689 2110 ti‚onem
708 2055 731 2101 ei

47 2114 105 2159 nihil
115 2115 216 2170 prodest,
231 2114 391 2171 nullumque'
373 2128 393 2157 31
408 2115 557 2169 commodum,
575 2128 615 2163 nec
628 2090 729 2165 3311111313

47 2176 100 2231 inde
114 2176 197 2235 oritur„
209 2174 280 2234 Quod,
293 2174 312 2217 si
324 2174 555 2217 confessarinsextra
566 2174 729 2229 confessionem

48 2235 80 2280 ab
87 2234 138 2278 aliis
152 2232 416 2290 adiuvissenpeoeatum
431 2235 487 2279 illud
497 2234 736 2291 postullimamcom
