1577 2464
8 71 10 74 “
36 68 102 126 ,3-1ῠ
138 53 498 115 ΝΕο-οοπιῆεεηωέῬΒΑοΤΙοΕ
513 67 655 119 rusruucrus
686 60 687 63 '

56 169 228 222 communionis
238 170 276 225 qui
285 170 416 225 haberetur,
426 170 469 215 etsi
480 170 565 226 species
577 168 735 226 rejicerentur,

57 234 80 275 et
100 231 223 274 necessitas
241 230 326 275 infirmi
345 234 452 276 excusent
466 230 493 274 ab
514 229 676 287 irreverentia„
687 243 737 286 quae

44 293 110 345 tunc
121 293 210 333 tautum
226 290 287 335 toret
304 292 436 335 materialis.
449 292 497 334 Hoc
514 290 634 345 practicari
646 289 737 333 videtur
784 339 786 344 ,

7 396 9 400 ⁴
56 363 131 407 posse,
144 349 163 391 si
174 349 241 407 longe
261 350 398 407 probabilius
408 351 524 395 videretur
535 362 578 392 non
590 349 716 406 rejecturus
730 362 734 393 ε

57 411 102 453 inno
113 411 147 454 La
165 411 234 454 Oroix
253 412 268 454 l.
283 411 304 455 6.
317 425 339 468 p.
354 412 375 454 1.
389 426 450 454 num.
465 410 519 454 1553.
532 410 598 452 dccet
614 409 735 459 exstabat,

57 484 101 514 non
110 472 183 514 teneri
195 471 332 515 abstinerea
342 472 505 524 commuuione,
518 470 555 526 qui
566 469 686 524 aliquoties
697 483 738 526 per

4 534 5 539 ’
58 531 117 574 diem
131 532 203 574 vomit
214 530 246 590 (1)
258 544 263 574 :
276 531 328 587 quia
346 545 390 575 non
409 535 444 576 est
465 534 549 575 morale
561 529 693 589 periculum,
710 533 742 573 ne‘
761 580 765 595 Δ

11 643 12 646 ¹
58 591 108 635 ideo
119 591 212 648 praecise
222 605 248 633 eo
259 594 360 646 tempere
372 591 469 635 eveniat.

88 652 110 695 6,
131 651 156 694 Si
170 651 272 694 infirmus
292 651 382 709 rejiciat
402 665 478 695 sacras
497 651 582 707 species
602 653 625 693 et
643 650 738 707 purgari

58 711 153 765 possint,
166 711 289 764 purgandae
300 714 353 753 sunt
364 714 387 752 et
406 725 446 754 suo
459 715 561 766 ternpore
574 711 687 753 sumendae
701 722 706 753 :
719 710 738 753 si

59 774 133 812 autern
145 769 293 825 purgari'non
305 769 400 825 possint,
418 783 459 812 nec
477 773 526 814 tarn
544 771 649 813 cordatus
668 771 737 821 esset,

32 830 33 834 ’
57 829 96 887 qui
110 829 180 872 uellet
201 843 298 885 sumere,
314 829 471 873 combureudae
483 845 527 873 non
546 832 606 884 sunt,
625 829 664 872 sed
676 841 739 885 aquae

58 890 206 932 immittendae
218 891 241 932 in
259 904 321 943 vase,
336 891 405 933 donec
421 889 586 945 dissolvantur3
608 893 647 933 aut
658 889 739 934 bacillo
755 914 756 917 =

58 949 152 994 dissolvi
171 952 272 1005 possunt,
294 952 317 994 et
336 950 452 993 dissolutae
468 950 501 993 ita
520 954 545 992 ut
566 949 669 993 desinant
690 963 739 993 esse

59 1010 144 1065 species
156 1009 228 1065 panis,
246 1010 364 1054 mittendae
380 1013 433 1054 sunt
446 1009 470 1053 in
482 1023 569 1063 sacram
580 1008 698 1065 piscinam,
720 1010 739 1053 si

34 1110 36 1113 .
57 1069 125 1113 adsit.
138 1070 162 1114 Si
174 1073 249 1113 autem
261 1070 311 1125 quis
327 1070 394 1126 paulo
408 1074 459 1126 post
474 1067 740 1113 communionem'revo-

58 1131 132 1172 meret
142 1132 166 1171 et
179 1129 264 1185 species
277 1143 320 1172 non
331 1133 475 1186 apparerent,
488 1131 587 1173 Rubrica
602 1129 703 1172 Missalis
713 1131 739 1172 dc

2 1230 4 1232 .
59 1188 183 1232 defectibus
193 1190 231 1248 tit.
245 1189 281 1232 10.
292 1203 314 1232 ni
331 1190 367 1234 14,
382 1188 517 1245 praescribit,
530 1191 556 1232 ut
566 1188 665 1232 vomitus
676 1201 739 1235 com-

59 1251 154 1300 buratur
163 1252 186 1293 et
197 1250 283 1294 cineres
294 1249 317 1293 iu
327 1250 451 1293 sacrarium
462 1250 592 1294 mittantur.

89 1308 116 1354 7.‘
130 1310 155 1354 si
176 1310 277 1354 infirmus
297 1324 339 1354 non
351 1311 423 1368 possit
440 1311 553 1366 deglutire
564 1309 649 1365 species
665 1309 738 1365 panis,

1 1374 2 1377 ’
58 1370 132 1414 danda
142 1370 176 1413 illi
187 1371 280 1414 minima
291 1371 402 1427 particula
412 1371 493 1414 hostiae
504 1384 554 1413 curn
569 1370 630 1422 vino,
641 1371 678 1413 rel
687 1369 739 1426 Jus-

9 1437 12 1439 '
58 1431 216 1485 calopodas,
242 1444 308 1486 quam
334 1431 460 1474 communio
482 1432 522 1473 sub
545 1431 660 1486 speciebus
681 1431 737 1473 vini.
777 1434 778 1437 ’

8 1539 10 1541 ,
59 1490 139 1533 Monet
155 1492 231 1532 autem
246 1491 320 1534 Gobat
331 1491 470 1534 'sacerdotem
488 1491 515 1533 ad
532 1490 645 1533 infirmum
658 1490 739 1533 debere

8 1577 10 1579 v
60 1563 135 1593 secum
146 1550 234 1593 deterre
245 1551 300 1593 duas
316 1549 411 1604 hostias,
434 1563 461 1592 ne
482 1551 560 1605 postea
571 1549 593 1592 in
615 1549 690 1593 reditu
701 1549 740 1593 ob·

59 1609 149 1653 viantes
161 1611 255 1653 adorent
264 1609 364 1665 pixidem
372 1622 467 1652 vacuam
480 1622 486 1652 2
497 1608 540 1653 nisi
548 1612 625 1654 tamen
639 1608 739 1653 deferret

60 1668 83 1714 in
94 1667 178 1725 pixide,
189 1683 239 1725 quae
248 1671 327 1727 postea
336 1682 379 1713 non
391 1671 451 1713 esset
459 1668 577 1713 referenda
588 1667 683 1725 publice.

89 1729 112 1773 8.
123 1729 237 1773 Viaticum
252 1730 348 1773 dandum
369 1731 404 1773 est
422 1730 467 1773 reis
479 1731 506 1773 ad
523 1729 657 1787 supplicium
668 1729 741 1774 dedu-

10 1811 11 1814 =
60 1791 144 1846 cerdis,
155 1789 441 1847 praegnantibusproximis
452 1790 536 1849 partui,
544 1790 672 1849 praesertim
680 1789 746 1847 pert-r

60 1850 144 1903 culos0‚
164 1850 266 1893 omnibus
289 1850 384 1893 adituris
405 1852 541 1907 proximum,
560 1851 598 1892 vel
623 1850 740 1907 probabile

57 1909 188 1966 periculum
204 1908 293 1965 mortis,
312 1909 335 1951 in
355 1923 398 1966 quc
417 1915 494 1966 postea
513 1909 604 1953 videtur
625 1910 675 1953 dari
695 1924 739 1954 non

59 1981 125 2027 posse
139 1980 145 2012 t
157 1969 181 2011 hi
192 1970 252 2015 enim
272 1982 349 2013 omnes
359 1974 465 2013 tenentur
482 1970 523 2014 sub
534 1968 601 2026 graui
617 1971 645 2012 ad
659 1969 720 2013 illud
732 1983 738 2023 3

60 2029 104 2073 nisi
120 2042 163 2072 ncn
180 2028 213 2072 ita
223 2029 261 2072 diu
272 2031 325 2073 ante
344 2029 553 2088 communicassent.
566 2030 591 2074 si
603 2032 678 2074 tamen
689 2030 739 2087 quis

54 2088 157 2136 durante
167 2087 271 2146 periculo
278 2090 358 2138 mortis
368 2092 483 2151 peccasset
494 2089 604 2150 graviter,
619 2103 662 2135 nou
673 2091 740 2135 tenc-

85 2285 134 2335 (ηε.
144 2288 196 2335 nlpn.
205 2287 219 2325 1.
228 2297 245 2326 c.
