1577 2464
290 100 352 132 >ruas
369 101 394 143 11,
412 100 485 131 cucur
508 101 517 131 1
713 90 747 135 be

61 188 135 233 minor
144 187 235 243 majori,
248 189 272 231 et
283 188 379 242 utraque
390 187 433 231 toti
445 188 534 243 corpori
545 187 704 239 subordinatur
716 203 744 231 ex

62 244 144 291 natura
155 259 204 301 sua,
220 246 279 289 unde
289 246 344 289 licet
355 246 486 290 abscindere
504 248 594 303 partem
605 260 628 290 v.
641 258 677 302 gr.
689 246 744 289 bra-

61 307 145 360 chium,
156 309 181 351 ut
192 309 299 352 servetur
309 319 390 363 corpus
404 318 409 351 :
422 307 454 351 sic
464 306 524 350 enim
534 306 610 363 agitur
622 306 743 351 secundum

62 367 163 411 ordinem
173 369 270 410 naturae.
283 367 315 418 At
325 367 385 410 ratio
397 381 440 410 non
452 368 612 412 subordinatur
622 380 650 411 ex
662 369 744 410 natura

62 428 166 471 suavitae
177 426 287 482 corporis,
301 427 340 470 sed
354 428 451 471 animae:
464 428 524 480 hinc,
538 428 557 471 si
569 428 609 470 illa
623 427 646 470 in
657 426 742 469 bonum
772 449 773 452 =

62 489 163 544 corporis
174 487 313 537 destruatur,
326 487 450 531 invertitur
464 489 519 532 ordo
534 491 631 532 naturae.
643 485 692 534 Neo
701 485 743 542 plt-

61 550 109 599 oat,
123 547 181 602 quod
201 547 293 590 amissio
308 547 362 590 vitae
374 548 404 591 sit
418 548 503 591 malum
514 548 634 604 physicum
649 546 743 602 gravius

61 618 128 660 quam
140 605 239 661 privatio
251 606 347 650 rationis
358 608 386 650 ad
400 612 503 662 tempus;
516 608 569 663 quia
582 606 675 650 amissio
687 606 746 649 vitae

61 678 149 721 quoque
161 669 196 708 est
211 665 296 708 malum
307 666 426 722 physicum
437 668 530 723 gravius
555 681 622 722 quam
633 664 741 722 polluti03

61 728 171 768 ettamen
183 726 232 768 haec
243 727 271 769 ad
285 726 357 770 vitam
368 728 546 771 conservandam
560 741 604 771 nou
616 728 651 770 est
664 724 741 780 licita3

62 785 169 840 quianon
181 787 299 828 ordinatur
310 800 386 829 semen
403 787 526 830 humanum
545 790 573 830 ad
585 786 749 843 depellendumv>

62 846 167 887 eversira
178 844 240 899 vitae,
254 846 293 888 sed
302 848 330 888 ad
339 848 525 903 propagationem
536 847 628 903 generis
639 845 741 889 humani.

61 905 118 949 Haec
129 906 242 949 sententia
254 906 382 962 probablior
390 912 425 950 est
436 921 441 951 :
455 922 494 963 pro
506 922 550 964 qua
559 907 654 951 affertur
665 909 745 950 textus

62 966 86 1009 S.
106 966 204 1022 August
225 980 327 1009 sermone
345 967 382 1020 32,
398 969 431 1011 De
447 971 558 1023 tempore,
572 968 612 1011 sed
630 967 742 1010 incertum

62 1026 105 1078 est,
124 1039 152 1068 an
171 1026 201 1068 sit
216 1026 240 1067 S.
253 1026 383 1080 Augustini,
401 1027 424 1069 in
443 1040 469 1069 eo
488 1027 548 1069 enim
566 1027 650 1070 citatur
669 1025 740 1079 Beda,

62 1085 100 1139 qui
119 1085 196 1127 floruit
216 1099 273 1127 armo
290 1088 343 1140 751,
364 1087 387 1129 S.
406 1087 547 1141 Augustinus
572 1087 624 1141 420,
642 1087 742 1141 adeoque

61 1144 98 1188 hic
114 1146 157 1188 331
175 1146 239 1188 annis
259 1156 311 1188 ante
331 1146 403 1190 illum.
420 1147 457 1189 illi
474 1160 588 1190 sermones
608 1149 661 1190 sunt
680 1148 746 1188 certo

62 1204 86 1248 S.
99 1205 230 1262 Augustini,
249 1206 328 1261 quibus
349 1206 496 1263 praefigitur:
513 1207 593 1251 Sermo
609 1207 633 1251 S.
649 1205 743 1262 Augus-

61 1265 104 1306 tini
118 1278 122 1307 :
136 1265 156 1309 si
172 1270 248 1307 autem
259 1267 317 1307 uude
328 1271 425 1321 ponatur
434 1280 508 1308 sermo
520 1280 543 1309 v.
556 1280 591 1321 gr.
604 1267 635 1320 II,
647 1266 689 1318 III,
708 1268 743 1308 est

62 1323 128 1367 dubie
147 1323 171 1369 S.
183 1324 315 1381 Augustini,
331 1325 390 1382 quod
409 1326 479 1369 semel
498 1340 538 1383 pro
557 1339 647 1382 semper
664 1326 747 1368 noian-

61 1385 115 1427 dum
124 1388 166 1429 est.
179 1385 263 1428 Pecoat
274 1388 384 1440 graviter,
396 1387 434 1441 qui
449 1401 477 1429 ex
489 1387 589 1430 amicitia
599 1387 636 1429 rel
647 1386 743 1428 urbani-

61 1446 109 1485 tate
120 1445 190 1486 alium
198 1445 281 1486 invitat
288 1445 316 1486 ad
323 1446 426 1497 haustus,
437 1447 517 1501 quibus
527 1445 676 1501 probabiliter
684 1457 743 1500 prae-

61 1503 124 1546 videt
139 1504 310 1557 inebriandum,
324 1505 376 1559 quia
387 1505 470 1548 invitat
484 1506 512 1548 ad
523 1505 608 1560 aliquid
619 1504 742 1548 intrinsece
756 1539 761 1549 .

61 1562 154 1614 malum,
168 1564 270 1617 quodque
281 1564 340 1605 alter
351 1564 398 1605 sine
409 1567 501 1618 peccato
512 1563 587 1606 facere
599 1577 643 1606 nou
654 1565 739 1619 potest,

61 1635 156 1679 eumque
167 1621 253 1665 inducit
262 1623 284 1664 in
297 1623 440 1678 ebrietatem,
451 1627 490 1667 aul
499 1624 580 1667 saltem
592 1623 614 1667 in
624 1622 741 1680 probabile

61 1682 110 1737 ejus
121 1682 253 1738 periculum.
266 1683 329 1726 ldem
347 1688 381 1727 est
392 1686 419 1726 de
430 1685 467 1736 iis,
480 1685 518 1740 qui
530 1684 586 1727 alios
600 1685 628 1728 ad
643 1682 751 1739 aequales?

61 1742 155 1785 haustus
162 1740 194 1799 (1)
202 1746 333 1796 provocant,
341 1746 432 1798 cogunt,
442 1747 481 1786 aut
489 1758 512 1786 se
520 1744 618 1786 invicem
625 1743 740 1798 obligant3

61 1802 114 1858 quia
125 1814 157 1853 se,
174 1805 214 1843 aut
225 1801 306 1844 saltem
317 1802 374 1846 alios
384 1803 507 1858 conjiciunt
516 1802 539 1846 in
550 1802 676 1859 periculum
687 1814 743 1858 pro-

60 1861 135 1906 babile
146 1862 272 1916 ebrietatis,
288 1861 307 1904 si
325 1876 368 1905 non
385 1864 471 1918 statim,
485 1864 565 1906 saltem
581 1866 660 1920 postea
676 1875 743 1905 secu-

60 1925 128 1975 turae,
139 1922 197 1977 quod
213 1924 247 1964 est
257 1925 336 1976 grave,
348 1923 389 1965 etsi
402 1923 464 1978 prius
475 1923 498 1965 in
510 1936 588 1966 somno
599 1925 739 1977 sequeretur.

60 1981 174 2025 Similiter
186 1984 209 2024 et
225 1980 272 2035 alii,
288 1980 327 2035 qui
338 1982 442 2035 ebriosis,
460 1983 497 2025 vel
508 1982 614 2025 ebrietati
632 1980 742 2038 proximis

60 2042 139 2085 vinum
150 2040 330 2091 subministrant,
343 2042 381 2085 vel
396 2055 439 2085 non
450 2042 576 2097 impediunt
587 2056 615 2086 ne
627 2042 685 2086 alius
695 2041 743 2084 ine-

59 2102 156 2153 brietur,
169 2102 221 2143 dum
233 2100 347 2143 commode
362 2106 463 2155 possunt.
477 2103 540 2150 Quod
559 2103 578 2145 si
589 2103 648 2146 alter
659 2103 744 2155 negato

59 2160 112 2203 vino
124 2160 290 2218 praevideretur
300 2173 323 2202 v.
337 2172 359 2215 g.
372 2160 579 2217 blasphematurus,
590 2157 746 2219 permittenda

84 2295 107 2341 [1)
119 2295 153 2332 Cir,
164 2296 182 2330 S.
193 2296 245 2332 Alnlr.
259 2295 278 2330 2.
287 2294 316 2329 7'1.
359 2299 361 2302 ’
