<?xml version="1.0" encoding="UTF-8"?>
<!DOCTYPE html PUBLIC "-//W3C//DTD XHTML 1.0 Transitional//EN"
    "http://www.w3.org/TR/xhtml1/DTD/xhtml1-transitional.dtd">
<html xmlns="http://www.w3.org/1999/xhtml" xml:lang="en" lang="en">
 <head>
  <title>
</title>
<meta http-equiv="Content-Type" content="text/html;charset=utf-8" />
  <meta name='ocr-system' content='tesseract 3.04.00' />
  <meta name='ocr-capabilities' content='ocr_page ocr_carea ocr_par ocr_line ocrx_word'/>
</head>
<body>
  <div class='ocr_page' id='page_1' title='image "MN5128ucmf_0_0129.png"; bbox 0 0 1577 2464; ppageno 0'>
   <div class='ocr_carea' id='block_1_1' title="bbox 289 56 507 118">
    <p class='ocr_par' dir='ltr' id='par_1_1' title="bbox 289 56 507 118">
     <span class='ocr_line' id='line_1_1' title="bbox 289 56 507 118; baseline -0.005 -9"><span class='ocrx_word' id='word_1_1' title='bbox 289 79 349 109; x_wconf 72' lang='lat' dir='ltr'><strong>rans</strong></span> <span class='ocrx_word' id='word_1_2' title='bbox 364 78 390 118; x_wconf 81' lang='lat' dir='ltr'><strong>rr,</strong></span> <span class='ocrx_word' id='word_1_3' title='bbox 406 56 481 109; x_wconf 75' lang='lat' dir='ltr'><strong>curun</strong></span> <span class='ocrx_word' id='word_1_4' title='bbox 498 78 507 108; x_wconf 87' lang='lat'>1</span> 
     </span>
    </p>
   </div>
   <div class='ocr_carea' id='block_1_2' title="bbox 305 244 487 293">
    <p class='ocr_par' dir='ltr' id='par_1_2' title="bbox 305 244 487 293">
     <span class='ocr_line' id='line_1_2' title="bbox 305 244 487 293; baseline -0.022 -1"><span class='ocrx_word' id='word_1_5' title='bbox 305 244 435 293; x_wconf 83' lang='lat' dir='ltr'>QUESTIO</span> <span class='ocrx_word' id='word_1_6' title='bbox 447 244 487 288; x_wconf 82' lang='lat' dir='ltr'><strong>ul.</strong></span> 
     </span>
    </p>
   </div>
   <div class='ocr_carea' id='block_1_3' title="bbox 9 334 741 458">
    <p class='ocr_par' dir='ltr' id='par_1_3' title="bbox 9 334 741 458">
     <span class='ocr_line' id='line_1_3' title="bbox 9 334 741 401; baseline -0.005 -8"><span class='ocrx_word' id='word_1_7' title='bbox 9 334 10 337; x_wconf 8' lang='grc' dir='ltr'><strong>Ἴ</strong></span> <span class='ocrx_word' id='word_1_8' title='bbox 60 346 123 401; x_wconf 73' lang='lat' dir='ltr'><strong>aeto</strong></span> <span class='ocrx_word' id='word_1_9' title='bbox 143 344 170 389; x_wconf 85' lang='lat' dir='ltr'><strong>do</strong></span> <span class='ocrx_word' id='word_1_10' title='bbox 189 343 236 397; x_wconf 83' lang='lat' dir='ltr'><strong>tro,</strong></span> <span class='ocrx_word' id='word_1_11' title='bbox 259 345 280 387; x_wconf 83' lang='lat' dir='ltr'><strong>ot</strong></span> <span class='ocrx_word' id='word_1_12' title='bbox 291 353 318 386; x_wconf 85' lang='lat' dir='ltr'><strong>aa</strong></span> <span class='ocrx_word' id='word_1_13' title='bbox 333 354 358 387; x_wconf 89' lang='lat' dir='ltr'><strong>oo</strong></span> <span class='ocrx_word' id='word_1_14' title='bbox 375 344 518 399; x_wconf 76' lang='lat' dir='ltr'><strong>eoioeopaeota</strong></span> <span class='ocrx_word' id='word_1_15' title='bbox 537 341 703 399; x_wconf 74' lang='lat' dir='ltr'><em>maledictione,</em></span> <span class='ocrx_word' id='word_1_16' title='bbox 721 348 741 389; x_wconf 84' lang='lat' dir='ltr'><strong>at</strong></span> 
     </span>
     <span class='ocr_line' id='line_1_4' title="bbox 323 400 724 458; baseline -0.012 -12"><span class='ocrx_word' id='word_1_17' title='bbox 323 400 477 458; x_wconf 65' lang='lat' dir='ltr'><strong>teorotnand</strong></span> <span class='ocrx_word' id='word_1_18' title='bbox 722 428 724 432; x_wconf 70' lang='lat'>,</span> 
     </span>
    </p>
   </div>
   <div class='ocr_carea' id='block_1_4' title="bbox 56 499 767 735">
    <p class='ocr_par' dir='ltr' id='par_1_4' title="bbox 56 499 767 735">
     <span class='ocr_line' id='line_1_5' title="bbox 56 499 742 548; baseline -0.006 -7"><span class='ocrx_word' id='word_1_19' title='bbox 56 506 86 542; x_wconf 78' lang='grc'><strong>89.</strong></span> <span class='ocrx_word' id='word_1_20' title='bbox 95 505 142 548; x_wconf 80' lang='lat' dir='ltr'><strong>Quid</strong></span> <span class='ocrx_word' id='word_1_21' title='bbox 155 504 179 538; x_wconf 81' lang='lat' dir='ltr'><strong>sit</strong></span> <span class='ocrx_word' id='word_1_22' title='bbox 189 504 224 546; x_wconf 83' lang='lat' dir='ltr'><strong>ira,</strong></span> <span class='ocrx_word' id='word_1_23' title='bbox 235 501 305 546; x_wconf 81' lang='lat' dir='ltr'><strong>quando</strong></span> <span class='ocrx_word' id='word_1_24' title='bbox 315 507 333 535; x_wconf 79' lang='lat' dir='ltr'><strong>et</strong></span> <span class='ocrx_word' id='word_1_25' title='bbox 348 502 399 547; x_wconf 85' lang='lat' dir='ltr'><strong>quale</strong></span> <span class='ocrx_word' id='word_1_26' title='bbox 415 499 521 544; x_wconf 78' lang='lat' dir='ltr'><strong>peeuaturn‘?</strong></span> <span class='ocrx_word' id='word_1_27' title='bbox 532 512 555 527; x_wconf 62' lang='grc'><strong>-’</strong></span> <span class='ocrx_word' id='word_1_28' title='bbox 566 500 595 536; x_wconf 75' lang='lat'><strong>90.</strong></span> <span class='ocrx_word' id='word_1_29' title='bbox 609 502 658 537; x_wconf 74' lang='lat' dir='ltr'><strong>uilia</strong></span> <span class='ocrx_word' id='word_1_30' title='bbox 669 502 707 537; x_wconf 78' lang='lat' dir='ltr'><strong>irae.</strong></span> <span class='ocrx_word' id='word_1_31' title='bbox 719 505 742 529; x_wconf 82' lang='lat'><strong>&#39;—</strong></span> 
     </span>
     <span class='ocr_line' id='line_1_6' title="bbox 80 548 742 592; baseline -0.002 -5"><span class='ocrx_word' id='word_1_32' title='bbox 80 552 109 588; x_wconf 81' lang='grc'><strong>91.</strong></span> <span class='ocrx_word' id='word_1_33' title='bbox 118 549 209 592; x_wconf 81' lang='lat' dir='ltr'><strong>Quomodo</strong></span> <span class='ocrx_word' id='word_1_34' title='bbox 219 548 342 583; x_wconf 72' lang='lat' dir='ltr'>examinandis</span> <span class='ocrx_word' id='word_1_35' title='bbox 351 558 370 592; x_wconf 78' lang='lat' dir='ltr'><strong>se</strong></span> <span class='ocrx_word' id='word_1_36' title='bbox 380 558 465 582; x_wconf 80' lang='lat' dir='ltr'><strong>accusans</strong></span> <span class='ocrx_word' id='word_1_37' title='bbox 474 548 496 583; x_wconf 88' lang='lat' dir='ltr'><strong>de</strong></span> <span class='ocrx_word' id='word_1_38' title='bbox 504 548 618 584; x_wconf 69' lang='lat' dir='ltr'><strong>maledictis?</strong></span> <span class='ocrx_word' id='word_1_39' title='bbox 627 568 650 574; x_wconf 89' lang='lat'>—</span> <span class='ocrx_word' id='word_1_40' title='bbox 657 548 686 586; x_wconf 81' lang='lat'><strong>92.</strong></span> <span class='ocrx_word' id='word_1_41' title='bbox 695 551 742 592; x_wconf 71' lang='lat' dir='ltr'><strong>Quo</strong></span> 
     </span>
     <span class='ocr_line' id='line_1_7' title="bbox 80 594 767 641; baseline -0.003 -8"><span class='ocrx_word' id='word_1_42' title='bbox 80 598 132 633; x_wconf 88' lang='lat' dir='ltr'><strong>modo</strong></span> <span class='ocrx_word' id='word_1_43' title='bbox 142 601 224 641; x_wconf 73' lang='lat' dir='ltr'><strong>peccetur</strong></span> <span class='ocrx_word' id='word_1_44' title='bbox 233 595 277 630; x_wconf 85' lang='lat' dir='ltr'><strong>diris</strong></span> <span class='ocrx_word' id='word_1_45' title='bbox 286 594 458 639; x_wconf 68' lang='lat' dir='ltr'><strong>imprecationibus?</strong></span> <span class='ocrx_word' id='word_1_46' title='bbox 467 613 490 620; x_wconf 89' lang='lat'><strong>—</strong></span> <span class='ocrx_word' id='word_1_47' title='bbox 501 594 574 635; x_wconf 74' lang='lat' dir='ltr'><strong>Quando</strong></span> <span class='ocrx_word' id='word_1_48' title='bbox 583 596 686 630; x_wconf 75' lang='lat' dir='ltr'><strong>contineant</strong></span> <span class='ocrx_word' id='word_1_49' title='bbox 692 596 742 632; x_wconf 85' lang='lat' dir='ltr'><strong>blas·</strong></span> <span class='ocrx_word' id='word_1_50' title='bbox 765 636 767 641; x_wconf 70' lang='lat'>,</span> 
     </span>
     <span class='ocr_line' id='line_1_8' title="bbox 79 641 742 689; baseline 0.002 -11"><span class='ocrx_word' id='word_1_51' title='bbox 79 641 183 689; x_wconf 69' lang='lat' dir='ltr'><strong>phemiam?</strong></span> <span class='ocrx_word' id='word_1_52' title='bbox 190 660 214 667; x_wconf 73' lang='lat'>-</span> <span class='ocrx_word' id='word_1_53' title='bbox 221 641 250 676; x_wconf 82' lang='grc'><strong>93.</strong></span> <span class='ocrx_word' id='word_1_54' title='bbox 261 641 314 685; x_wconf 79' lang='lat' dir='ltr'><strong>Quid,</strong></span> <span class='ocrx_word' id='word_1_55' title='bbox 325 641 339 676; x_wconf 88' lang='lat' dir='ltr'><strong>si</strong></span> <span class='ocrx_word' id='word_1_56' title='bbox 349 651 368 675; x_wconf 81' lang='lat' dir='ltr'><strong>se</strong></span> <span class='ocrx_word' id='word_1_57' title='bbox 378 646 449 676; x_wconf 86' lang='lat' dir='ltr'><strong>aoenset</strong></span> <span class='ocrx_word' id='word_1_58' title='bbox 458 641 479 675; x_wconf 86' lang='lat' dir='ltr'><strong>de</strong></span> <span class='ocrx_word' id='word_1_59' title='bbox 488 641 614 676; x_wconf 71' lang='lat' dir='ltr'><strong>contumeliis?</strong></span> <span class='ocrx_word' id='word_1_60' title='bbox 623 660 647 668; x_wconf 93' lang='lat'>-</span> <span class='ocrx_word' id='word_1_61' title='bbox 654 641 683 677; x_wconf 79' lang='lat' dir='ltr'><strong>at.</strong></span> <span class='ocrx_word' id='word_1_62' title='bbox 696 643 742 684; x_wconf 77' lang='lat' dir='ltr'><strong>Quid</strong></span> 
     </span>
     <span class='ocr_line' id='line_1_9' title="bbox 80 686 707 735; baseline -0.005 -8"><span class='ocrx_word' id='word_1_63' title='bbox 80 691 175 728; x_wconf 83' lang='lat' dir='ltr'><strong>dicendum</strong></span> <span class='ocrx_word' id='word_1_64' title='bbox 185 687 286 725; x_wconf 62' lang='lat' dir='ltr'><strong>iracundo?</strong></span> <span class='ocrx_word' id='word_1_65' title='bbox 296 706 319 714; x_wconf 83' lang='lat'>-</span> <span class='ocrx_word' id='word_1_66' title='bbox 328 687 374 730; x_wconf 82' lang='lat' dir='ltr'><strong>Quid</strong></span> <span class='ocrx_word' id='word_1_67' title='bbox 383 686 488 723; x_wconf 80' lang='lat' dir='ltr'><strong>rnaiediois‘?</strong></span> <span class='ocrx_word' id='word_1_68' title='bbox 497 707 521 713; x_wconf 93' lang='lat'>—</span> <span class='ocrx_word' id='word_1_69' title='bbox 530 688 707 735; x_wconf 73' lang='lat' dir='ltr'><strong>Qnidiilasphemis‘?</strong></span> 
     </span>
    </p>
   </div>
   <div class='ocr_carea' id='block_1_5' title="bbox 9 775 778 2217">
    <p class='ocr_par' dir='ltr' id='par_1_5' title="bbox 15 775 746 1138">
     <span class='ocr_line' id='line_1_10' title="bbox 86 775 739 833; baseline -0.002 -10"><span class='ocrx_word' id='word_1_70' title='bbox 86 778 125 824; x_wconf 76' lang='grc'><strong>89.</strong></span> <span class='ocrx_word' id='word_1_71' title='bbox 136 778 245 822; x_wconf 83' lang='lat' dir='ltr'><strong>--Rasr¹</strong></span> <span class='ocrx_word' id='word_1_72' title='bbox 259 777 277 821; x_wconf 87' lang='grc' dir='ltr'><strong>Ι.</strong></span> <span class='ocrx_word' id='word_1_73' title='bbox 290 776 327 822; x_wconf 87' lang='lat' dir='ltr'><strong>Ira</strong></span> <span class='ocrx_word' id='word_1_74' title='bbox 338 775 443 833; x_wconf 81' lang='lat' dir='ltr'><strong>generioe</strong></span> <span class='ocrx_word' id='word_1_75' title='bbox 453 778 488 821; x_wconf 84' lang='lat' dir='ltr'><strong>est</strong></span> <span class='ocrx_word' id='word_1_76' title='bbox 497 775 611 833; x_wconf 88' lang='lat' dir='ltr'><strong>appetitus</strong></span> <span class='ocrx_word' id='word_1_77' title='bbox 623 776 739 822; x_wconf 78' lang='lat' dir='ltr'><strong>vindictae.</strong></span> 
     </span>
     <span class='ocr_line' id='line_1_11' title="bbox 15 837 741 892; baseline -0.006 -8"><span class='ocrx_word' id='word_1_78' title='bbox 15 868 19 877; x_wconf 47' lang='grc' dir='ltr'>ι</span> <span class='ocrx_word' id='word_1_79' title='bbox 55 841 112 884; x_wconf 84' lang='lat' dir='ltr'><strong>Haeo</strong></span> <span class='ocrx_word' id='word_1_80' title='bbox 124 839 171 881; x_wconf 81' lang='lat' dir='ltr'><strong>sine</strong></span> <span class='ocrx_word' id='word_1_81' title='bbox 183 840 284 892; x_wconf 79' lang='lat' dir='ltr'><strong>peceato,</strong></span> <span class='ocrx_word' id='word_1_82' title='bbox 303 839 327 880; x_wconf 87' lang='lat' dir='ltr'><strong>et</strong></span> <span class='ocrx_word' id='word_1_83' title='bbox 335 837 399 892; x_wconf 82' lang='lat' dir='ltr'><strong>justa</strong></span> <span class='ocrx_word' id='word_1_84' title='bbox 410 849 459 878; x_wconf 82' lang='lat' dir='ltr'><strong>esse</strong></span> <span class='ocrx_word' id='word_1_85' title='bbox 470 839 546 891; x_wconf 81' lang='lat' dir='ltr'><strong>potest</strong></span> <span class='ocrx_word' id='word_1_86' title='bbox 559 849 563 878; x_wconf 89' lang='lat'>:</span> <span class='ocrx_word' id='word_1_87' title='bbox 576 840 610 890; x_wconf 71' lang='lat' dir='ltr'><strong>ut,</strong></span> <span class='ocrx_word' id='word_1_88' title='bbox 623 837 643 880; x_wconf 85' lang='lat' dir='ltr'><strong>si</strong></span> <span class='ocrx_word' id='word_1_89' title='bbox 658 851 741 892; x_wconf 88' lang='lat' dir='ltr'><strong>parens</strong></span> 
     </span>
     <span class='ocr_line' id='line_1_12' title="bbox 41 895 740 954; baseline -0.003 -11"><span class='ocrx_word' id='word_1_90' title='bbox 41 898 106 954; x_wconf 44' lang='lat' dir='ltr'><strong>‘filiu</strong></span> <span class='ocrx_word' id='word_1_91' title='bbox 123 897 227 954; x_wconf 72' lang='lat' dir='ltr'><strong>superior</strong></span> <span class='ocrx_word' id='word_1_92' title='bbox 239 896 331 949; x_wconf 77' lang='lat' dir='ltr'><strong>subditi,</strong></span> <span class='ocrx_word' id='word_1_93' title='bbox 344 896 454 952; x_wconf 74' lang='lat' dir='ltr'><strong>magister</strong></span> <span class='ocrx_word' id='word_1_94' title='bbox 470 895 573 952; x_wconf 75' lang='lat' dir='ltr'><strong>discipuli</strong></span> <span class='ocrx_word' id='word_1_95' title='bbox 584 896 673 941; x_wconf 87' lang='lat' dir='ltr'><strong>deiiotis</strong></span> <span class='ocrx_word' id='word_1_96' title='bbox 689 911 740 941; x_wconf 80' lang='lat' dir='ltr'><strong>erim</strong></span> 
     </span>
     <span class='ocr_line' id='line_1_13' title="bbox 56 957 746 1011; baseline -0.004 -8"><span class='ocrx_word' id='word_1_97' title='bbox 56 958 209 1003; x_wconf 82' lang='lat' dir='ltr'><strong>moderamine</strong></span> <span class='ocrx_word' id='word_1_98' title='bbox 221 958 341 1007; x_wconf 72' lang='lat' dir='ltr'><strong>irascatur,</strong></span> <span class='ocrx_word' id='word_1_99' title='bbox 355 970 425 1011; x_wconf 83' lang='lat' dir='ltr'><strong>eaque</strong></span> <span class='ocrx_word' id='word_1_100' title='bbox 441 958 531 1011; x_wconf 81' lang='lat' dir='ltr'><strong>arguat,</strong></span> <span class='ocrx_word' id='word_1_101' title='bbox 545 957 581 998; x_wconf 88' lang='lat' dir='ltr'><strong>vei</strong></span> <span class='ocrx_word' id='word_1_102' title='bbox 593 957 679 1011; x_wconf 82' lang='lat' dir='ltr'><strong>puniat.</strong></span> <span class='ocrx_word' id='word_1_103' title='bbox 692 959 746 1000; x_wconf 76' lang='lat' dir='ltr'><strong>Ao-</strong></span> 
     </span>
     <span class='ocr_line' id='line_1_14' title="bbox 56 1015 741 1075; baseline -0.003 -14"><span class='ocrx_word' id='word_1_104' title='bbox 56 1025 122 1075; x_wconf 85' lang='lat' dir='ltr'><strong>oepta</strong></span> <span class='ocrx_word' id='word_1_105' title='bbox 139 1031 194 1059; x_wconf 86' lang='lat' dir='ltr'><strong>vero</strong></span> <span class='ocrx_word' id='word_1_106' title='bbox 206 1016 309 1071; x_wconf 76' lang='lat' dir='ltr'><strong>specifice</strong></span> <span class='ocrx_word' id='word_1_107' title='bbox 320 1017 356 1058; x_wconf 84' lang='lat' dir='ltr'><strong>est</strong></span> <span class='ocrx_word' id='word_1_108' title='bbox 372 1016 486 1071; x_wconf 84' lang='lat' dir='ltr'><strong>appetitus</strong></span> <span class='ocrx_word' id='word_1_109' title='bbox 497 1015 639 1059; x_wconf 84' lang='lat' dir='ltr'><strong>inordinatus</strong></span> <span class='ocrx_word' id='word_1_110' title='bbox 650 1017 741 1060; x_wconf 77' lang='lat' dir='ltr'><strong>vindie-</strong></span> 
     </span>
     <span class='ocr_line' id='line_1_15' title="bbox 56 1075 739 1138; baseline -0.003 -15"><span class='ocrx_word' id='word_1_111' title='bbox 56 1083 87 1124; x_wconf 80' lang='lat' dir='ltr'><strong>tae</strong></span> <span class='ocrx_word' id='word_1_112' title='bbox 99 1076 140 1138; x_wconf 80' lang='lat'>(1).</span> <span class='ocrx_word' id='word_1_113' title='bbox 154 1077 198 1121; x_wconf 85' lang='lat' dir='ltr'><strong>Hie</strong></span> <span class='ocrx_word' id='word_1_114' title='bbox 208 1076 351 1119; x_wconf 86' lang='lat' dir='ltr'><strong>inordinatus</strong></span> <span class='ocrx_word' id='word_1_115' title='bbox 362 1089 411 1119; x_wconf 83' lang='lat' dir='ltr'><strong>esse</strong></span> <span class='ocrx_word' id='word_1_116' title='bbox 422 1077 498 1132; x_wconf 85' lang='lat' dir='ltr'><strong>potest</strong></span> <span class='ocrx_word' id='word_1_117' title='bbox 509 1075 546 1119; x_wconf 84' lang='lat' dir='ltr'><strong>vel</strong></span> <span class='ocrx_word' id='word_1_118' title='bbox 558 1089 586 1119; x_wconf 82' lang='lat' dir='ltr'><strong>ex</strong></span> <span class='ocrx_word' id='word_1_119' title='bbox 595 1079 660 1131; x_wconf 90' lang='lat' dir='ltr'><strong>parte</strong></span> <span class='ocrx_word' id='word_1_120' title='bbox 670 1077 739 1132; x_wconf 79' lang='lat' dir='ltr'><strong>modi,</strong></span> 
     </span>
    </p>

    <p class='ocr_par' dir='ltr' id='par_1_6' title="bbox 9 1135 778 2031">
     <span class='ocr_line' id='line_1_16' title="bbox 33 1135 778 1193; baseline 0 -13"><span class='ocrx_word' id='word_1_121' title='bbox 33 1177 35 1180; x_wconf 15' lang='grc' dir='ltr'><em>Α</em></span> <span class='ocrx_word' id='word_1_122' title='bbox 56 1142 90 1193; x_wconf 84' lang='lat' dir='ltr'><strong>ut,</strong></span> <span class='ocrx_word' id='word_1_123' title='bbox 103 1139 122 1182; x_wconf 87' lang='lat' dir='ltr'><strong>si</strong></span> <span class='ocrx_word' id='word_1_124' title='bbox 132 1139 253 1192; x_wconf 80' lang='lat' dir='ltr'><strong>expetatur</strong></span> <span class='ocrx_word' id='word_1_125' title='bbox 264 1135 364 1178; x_wconf 83' lang='lat' dir='ltr'><strong>vindieta</strong></span> <span class='ocrx_word' id='word_1_126' title='bbox 376 1136 442 1178; x_wconf 87' lang='lat' dir='ltr'><strong>nimis</strong></span> <span class='ocrx_word' id='word_1_127' title='bbox 455 1137 650 1188; x_wconf 75' lang='lat' dir='ltr'><strong>excandesceno103</strong></span> <span class='ocrx_word' id='word_1_128' title='bbox 663 1137 741 1181; x_wconf 80' lang='lat' dir='ltr'><strong>velex</strong></span> <span class='ocrx_word' id='word_1_129' title='bbox 776 1170 778 1174; x_wconf 34' lang='lat' dir='ltr'>s</span> 
     </span>
     <span class='ocr_line' id='line_1_17' title="bbox 18 1196 742 1257; baseline -0.004 -14"><span class='ocrx_word' id='word_1_130' title='bbox 18 1234 20 1237; x_wconf 90' lang='lat'>.</span> <span class='ocrx_word' id='word_1_131' title='bbox 56 1202 125 1257; x_wconf 88' lang='lat' dir='ltr'><strong>parte·</strong></span> <span class='ocrx_word' id='word_1_132' title='bbox 133 1196 224 1254; x_wconf 81' lang='lat' dir='ltr'><strong>objecti,</strong></span> <span class='ocrx_word' id='word_1_133' title='bbox 237 1196 257 1241; x_wconf 84' lang='lat' dir='ltr'><strong>si</strong></span> <span class='ocrx_word' id='word_1_134' title='bbox 268 1209 349 1252; x_wconf 84' lang='lat' dir='ltr'><strong>nempe</strong></span> <span class='ocrx_word' id='word_1_135' title='bbox 366 1198 495 1251; x_wconf 80' lang='lat' dir='ltr'><strong>expetatur,</strong></span> <span class='ocrx_word' id='word_1_136' title='bbox 511 1196 550 1238; x_wconf 85' lang='lat' dir='ltr'><strong>vei</strong></span> <span class='ocrx_word' id='word_1_137' title='bbox 566 1201 669 1240; x_wconf 90' lang='lat' dir='ltr'><strong>sumatur</strong></span> <span class='ocrx_word' id='word_1_138' title='bbox 687 1198 742 1240; x_wconf 86' lang='lat' dir='ltr'><strong>vin-</strong></span> 
     </span>
     <span class='ocr_line' id='line_1_18' title="bbox 49 1255 742 1311; baseline 0.001 -11"><span class='ocrx_word' id='word_1_139' title='bbox 49 1259 117 1306; x_wconf 85' lang='lat' dir='ltr'><strong>·diota</strong></span> <span class='ocrx_word' id='word_1_140' title='bbox 134 1258 181 1300; x_wconf 85' lang='lat' dir='ltr'><strong>sine</strong></span> <span class='ocrx_word' id='word_1_141' title='bbox 198 1256 261 1311; x_wconf 82' lang='lat' dir='ltr'><strong>justa</strong></span> <span class='ocrx_word' id='word_1_142' title='bbox 272 1269 348 1308; x_wconf 71' lang='lat' dir='ltr'><strong>eausa,</strong></span> <span class='ocrx_word' id='word_1_143' title='bbox 365 1261 405 1299; x_wconf 86' lang='lat' dir='ltr'><strong>ant</strong></span> <span class='ocrx_word' id='word_1_144' title='bbox 420 1255 559 1298; x_wconf 69' lang='lat' dir='ltr'><strong>authoritate</strong></span> <span class='ocrx_word' id='word_1_145' title='bbox 571 1256 683 1311; x_wconf 82' lang='lat' dir='ltr'><strong>iegitima,</strong></span> <span class='ocrx_word' id='word_1_146' title='bbox 704 1258 742 1301; x_wconf 86' lang='lat' dir='ltr'><strong>vel</strong></span> 
     </span>
     <span class='ocr_line' id='line_1_19' title="bbox 53 1314 748 1377; baseline -0.001 -14"><span class='ocrx_word' id='word_1_147' title='bbox 53 1319 118 1377; x_wconf 80' lang='lat' dir='ltr'><strong>justo</strong></span> <span class='ocrx_word' id='word_1_148' title='bbox 135 1316 236 1374; x_wconf 75' lang='lat' dir='ltr'><strong>gravior,</strong></span> <span class='ocrx_word' id='word_1_149' title='bbox 254 1316 291 1358; x_wconf 83' lang='lat' dir='ltr'><strong>vei</strong></span> <span class='ocrx_word' id='word_1_150' title='bbox 302 1328 330 1359; x_wconf 82' lang='lat' dir='ltr'><strong>ex</strong></span> <span class='ocrx_word' id='word_1_151' title='bbox 344 1328 408 1359; x_wconf 87' lang='lat' dir='ltr'><strong>mera</strong></span> <span class='ocrx_word' id='word_1_152' title='bbox 418 1314 511 1359; x_wconf 85' lang='lat' dir='ltr'><strong>libidine</strong></span> <span class='ocrx_word' id='word_1_153' title='bbox 522 1315 652 1359; x_wconf 85' lang='lat' dir='ltr'><strong>vindioandi</strong></span> <span class='ocrx_word' id='word_1_154' title='bbox 668 1318 692 1362; x_wconf 86' lang='lat' dir='ltr'><strong>et</strong></span> <span class='ocrx_word' id='word_1_155' title='bbox 703 1331 748 1362; x_wconf 69' lang='lat' dir='ltr'><strong>sa-v</strong></span> 
     </span>
     <span class='ocr_line' id='line_1_20' title="bbox 56 1376 742 1433; baseline -0.001 -10"><span class='ocrx_word' id='word_1_156' title='bbox 56 1379 129 1423; x_wconf 81' lang='lat' dir='ltr'><strong>tiandi</strong></span> <span class='ocrx_word' id='word_1_157' title='bbox 141 1378 240 1421; x_wconf 88' lang='lat' dir='ltr'><strong>animum</strong></span> <span class='ocrx_word' id='word_1_158' title='bbox 255 1377 401 1420; x_wconf 83' lang='lat' dir='ltr'><strong>malevolum.</strong></span> <span class='ocrx_word' id='word_1_159' title='bbox 411 1376 491 1419; x_wconf 84' lang='lat' dir='ltr'><strong>Prima</strong></span> <span class='ocrx_word' id='word_1_160' title='bbox 501 1376 638 1420; x_wconf 81' lang='lat' dir='ltr'><strong>inordinatio</strong></span> <span class='ocrx_word' id='word_1_161' title='bbox 649 1380 684 1421; x_wconf 84' lang='lat' dir='ltr'><strong>est</strong></span> <span class='ocrx_word' id='word_1_162' title='bbox 695 1379 742 1433; x_wconf 80' lang='lat' dir='ltr'><strong>ple·</strong></span> 
     </span>
     <span class='ocr_line' id='line_1_21' title="bbox 57 1436 741 1493; baseline -0.001 -11"><span class='ocrx_word' id='word_1_163' title='bbox 57 1451 152 1493; x_wconf 80' lang='lat' dir='ltr'><strong>rumque</strong></span> <span class='ocrx_word' id='word_1_164' title='bbox 167 1439 257 1479; x_wconf 82' lang='lat' dir='ltr'><strong>tantum</strong></span> <span class='ocrx_word' id='word_1_165' title='bbox 268 1436 365 1489; x_wconf 80' lang='lat' dir='ltr'><strong>veniale,</strong></span> <span class='ocrx_word' id='word_1_166' title='bbox 381 1440 459 1490; x_wconf 88' lang='lat' dir='ltr'><strong>posset</strong></span> <span class='ocrx_word' id='word_1_167' title='bbox 473 1440 549 1478; x_wconf 83' lang='lat' dir='ltr'><strong>tamen</strong></span> <span class='ocrx_word' id='word_1_168' title='bbox 567 1436 618 1478; x_wconf 86' lang='lat' dir='ltr'><strong>fieri</strong></span> <span class='ocrx_word' id='word_1_169' title='bbox 634 1438 741 1492; x_wconf 83' lang='lat' dir='ltr'><strong>mortale,</strong></span> 
     </span>
     <span class='ocr_line' id='line_1_22' title="bbox 57 1494 740 1548; baseline -0.003 -6"><span class='ocrx_word' id='word_1_170' title='bbox 57 1498 77 1542; x_wconf 90' lang='lat' dir='ltr'><strong>si</strong></span> <span class='ocrx_word' id='word_1_171' title='bbox 88 1498 123 1540; x_wconf 90' lang='lat' dir='ltr'><strong>ira</strong></span> <span class='ocrx_word' id='word_1_172' title='bbox 134 1497 157 1538; x_wconf 92' lang='lat' dir='ltr'><strong>in</strong></span> <span class='ocrx_word' id='word_1_173' title='bbox 171 1496 281 1548; x_wconf 77' lang='lat' dir='ltr'><strong>furorem,</strong></span> <span class='ocrx_word' id='word_1_174' title='bbox 295 1494 331 1538; x_wconf 87' lang='lat' dir='ltr'><strong>vel</strong></span> <span class='ocrx_word' id='word_1_175' title='bbox 342 1494 454 1538; x_wconf 86' lang='lat' dir='ltr'><strong>insaniam</strong></span> <span class='ocrx_word' id='word_1_176' title='bbox 465 1508 596 1538; x_wconf 78' lang='lat' dir='ltr'><strong>exerescere</strong></span> <span class='ocrx_word' id='word_1_177' title='bbox 608 1495 722 1540; x_wconf 80' lang='lat' dir='ltr'><strong>sineretur</strong></span> <span class='ocrx_word' id='word_1_178' title='bbox 735 1509 740 1541; x_wconf 77' lang='lat' dir='ltr'><strong>t</strong></span> 
     </span>
     <span class='ocr_line' id='line_1_23' title="bbox 57 1554 742 1613; baseline 0 -12"><span class='ocrx_word' id='word_1_179' title='bbox 57 1560 91 1612; x_wconf 86' lang='lat' dir='ltr'><strong>ut,</strong></span> <span class='ocrx_word' id='word_1_180' title='bbox 104 1557 124 1600; x_wconf 88' lang='lat' dir='ltr'><strong>si</strong></span> <span class='ocrx_word' id='word_1_181' title='bbox 135 1556 185 1613; x_wconf 88' lang='lat' dir='ltr'><strong>quis</strong></span> <span class='ocrx_word' id='word_1_182' title='bbox 197 1554 269 1597; x_wconf 77' lang='lat' dir='ltr'><strong>sciens</strong></span> <span class='ocrx_word' id='word_1_183' title='bbox 279 1558 302 1598; x_wconf 88' lang='lat' dir='ltr'><strong>et</strong></span> <span class='ocrx_word' id='word_1_184' title='bbox 313 1554 392 1597; x_wconf 85' lang='lat' dir='ltr'><strong>volens</strong></span> <span class='ocrx_word' id='word_1_185' title='bbox 401 1555 434 1598; x_wconf 90' lang='lat' dir='ltr'><strong>ita</strong></span> <span class='ocrx_word' id='word_1_186' title='bbox 444 1555 543 1598; x_wconf 85' lang='lat' dir='ltr'><strong>habenas</strong></span> <span class='ocrx_word' id='word_1_187' title='bbox 554 1554 595 1598; x_wconf 80' lang='lat' dir='ltr'><strong>irae</strong></span> <span class='ocrx_word' id='word_1_188' title='bbox 606 1554 705 1611; x_wconf 77' lang='lat' dir='ltr'><strong>laxaret,</strong></span> <span class='ocrx_word' id='word_1_189' title='bbox 716 1559 742 1602; x_wconf 84' lang='lat' dir='ltr'><strong>ut</strong></span> 
     </span>
     <span class='ocr_line' id='line_1_24' title="bbox 57 1614 741 1673; baseline -0.003 -10"><span class='ocrx_word' id='word_1_190' title='bbox 57 1619 187 1673; x_wconf 88' lang='lat' dir='ltr'><strong>erumperet</strong></span> <span class='ocrx_word' id='word_1_191' title='bbox 208 1615 231 1657; x_wconf 84' lang='lat' dir='ltr'><strong>in</strong></span> <span class='ocrx_word' id='word_1_192' title='bbox 259 1628 363 1659; x_wconf 85' lang='lat' dir='ltr'><strong>enormes</strong></span> <span class='ocrx_word' id='word_1_193' title='bbox 385 1618 476 1672; x_wconf 76' lang='lat' dir='ltr'><strong>gestuS,</strong></span> <span class='ocrx_word' id='word_1_194' title='bbox 499 1614 619 1670; x_wconf 78' lang='lat' dir='ltr'><strong>clamores,</strong></span> <span class='ocrx_word' id='word_1_195' title='bbox 640 1630 741 1673; x_wconf 86' lang='lat' dir='ltr'><strong>spumas,</strong></span> 
     </span>
     <span class='ocr_line' id='line_1_25' title="bbox 57 1676 741 1731; baseline -0.003 -7"><span class='ocrx_word' id='word_1_196' title='bbox 57 1678 211 1725; x_wconf 86' lang='lat' dir='ltr'><strong>membrorum</strong></span> <span class='ocrx_word' id='word_1_197' title='bbox 222 1676 374 1728; x_wconf 80' lang='lat' dir='ltr'><strong>contusiones,</strong></span> <span class='ocrx_word' id='word_1_198' title='bbox 391 1676 436 1730; x_wconf 82' lang='lat' dir='ltr'><strong>vei,</strong></span> <span class='ocrx_word' id='word_1_199' title='bbox 454 1680 480 1718; x_wconf 83' lang='lat' dir='ltr'><strong>ut</strong></span> <span class='ocrx_word' id='word_1_200' title='bbox 495 1676 627 1731; x_wconf 69' lang='lat' dir='ltr'><strong>privaretur</strong></span> <span class='ocrx_word' id='word_1_201' title='bbox 643 1678 741 1722; x_wconf 84' lang='lat' dir='ltr'><strong>ratione.</strong></span> 
     </span>
     <span class='ocr_line' id='line_1_26' title="bbox 58 1735 742 1791; baseline -0.003 -8"><span class='ocrx_word' id='word_1_202' title='bbox 58 1739 139 1784; x_wconf 77' lang='lat' dir='ltr'><strong>Altera</strong></span> <span class='ocrx_word' id='word_1_203' title='bbox 149 1735 287 1780; x_wconf 86' lang='lat' dir='ltr'><strong>inordinatio</strong></span> <span class='ocrx_word' id='word_1_204' title='bbox 299 1738 334 1778; x_wconf 87' lang='lat' dir='ltr'><strong>est</strong></span> <span class='ocrx_word' id='word_1_205' title='bbox 342 1748 370 1778; x_wconf 79' lang='lat' dir='ltr'><strong>ex</strong></span> <span class='ocrx_word' id='word_1_206' title='bbox 380 1741 511 1791; x_wconf 68' lang='lat' dir='ltr'><strong>genere&#39;suo</strong></span> <span class='ocrx_word' id='word_1_207' title='bbox 519 1738 635 1790; x_wconf 78' lang='lat' dir='ltr'><strong>peecatum</strong></span> <span class='ocrx_word' id='word_1_208' title='bbox 645 1737 742 1781; x_wconf 86' lang='lat' dir='ltr'><strong>mortaie</strong></span> 
     </span>
     <span class='ocr_line' id='line_1_27' title="bbox 57 1793 744 1855; baseline -0.003 -13"><span class='ocrx_word' id='word_1_209' title='bbox 57 1810 186 1855; x_wconf 81' lang='lat' dir='ltr'><strong>repugnans</strong></span> <span class='ocrx_word' id='word_1_210' title='bbox 201 1794 317 1847; x_wconf 85' lang='lat' dir='ltr'><strong>charitati,</strong></span> <span class='ocrx_word' id='word_1_211' title='bbox 336 1798 359 1837; x_wconf 83' lang='lat' dir='ltr'><strong>et</strong></span> <span class='ocrx_word' id='word_1_212' title='bbox 370 1796 502 1850; x_wconf 84' lang='lat' dir='ltr'><strong>quandoque</strong></span> <span class='ocrx_word' id='word_1_213' title='bbox 512 1793 623 1851; x_wconf 78' lang='lat' dir='ltr'><strong>justitiae3</strong></span> <span class='ocrx_word' id='word_1_214' title='bbox 636 1797 744 1840; x_wconf 84' lang='lat' dir='ltr'><strong>eharitati</strong></span> 
     </span>
     <span class='ocr_line' id='line_1_28' title="bbox 58 1854 744 1916; baseline -0.004 -13"><span class='ocrx_word' id='word_1_215' title='bbox 58 1859 149 1916; x_wconf 86' lang='lat' dir='ltr'><strong>quidem</strong></span> <span class='ocrx_word' id='word_1_216' title='bbox 162 1856 271 1913; x_wconf 86' lang='lat' dir='ltr'><strong>quatenus</strong></span> <span class='ocrx_word' id='word_1_217' title='bbox 282 1854 320 1897; x_wconf 78' lang='lat' dir='ltr'><strong>vel</strong></span> <span class='ocrx_word' id='word_1_218' title='bbox 329 1856 419 1899; x_wconf 82' lang='lat' dir='ltr'><strong>exodio</strong></span> <span class='ocrx_word' id='word_1_219' title='bbox 430 1855 468 1898; x_wconf 85' lang='lat' dir='ltr'><strong>vei</strong></span> <span class='ocrx_word' id='word_1_220' title='bbox 479 1868 507 1898; x_wconf 81' lang='lat' dir='ltr'><strong>err</strong></span> <span class='ocrx_word' id='word_1_221' title='bbox 518 1868 581 1898; x_wconf 87' lang='lat' dir='ltr'><strong>mera</strong></span> <span class='ocrx_word' id='word_1_222' title='bbox 591 1856 683 1899; x_wconf 73' lang='lat' dir='ltr'><strong>libidine</strong></span> <span class='ocrx_word' id='word_1_223' title='bbox 695 1858 744 1900; x_wconf 91' lang='lat' dir='ltr'><strong>vin-</strong></span> 
     </span>
     <span class='ocr_line' id='line_1_29' title="bbox 59 1913 745 1972; baseline -0.006 -8"><span class='ocrx_word' id='word_1_224' title='bbox 59 1917 148 1965; x_wconf 77' lang='lat' dir='ltr'><strong>dicandi</strong></span> <span class='ocrx_word' id='word_1_225' title='bbox 166 1913 269 1972; x_wconf 81' lang='lat' dir='ltr'><strong>proximo</strong></span> <span class='ocrx_word' id='word_1_226' title='bbox 288 1913 374 1957; x_wconf 86' lang='lat' dir='ltr'><strong>malum</strong></span> <span class='ocrx_word' id='word_1_227' title='bbox 391 1916 491 1971; x_wconf 86' lang='lat' dir='ltr'><strong>optatur,</strong></span> <span class='ocrx_word' id='word_1_228' title='bbox 513 1917 552 1958; x_wconf 88' lang='lat' dir='ltr'><strong>aut</strong></span> <span class='ocrx_word' id='word_1_229' title='bbox 573 1914 682 1969; x_wconf 59' lang='lat' dir='ltr'><strong>infertum</strong></span> <span class='ocrx_word' id='word_1_230' title='bbox 692 1917 745 1971; x_wconf 82' lang='lat' dir='ltr'><strong>jus-</strong></span> 
     </span>
     <span class='ocr_line' id='line_1_30' title="bbox 9 1972 745 2031; baseline -0.003 -8"><span class='ocrx_word' id='word_1_231' title='bbox 9 1982 10 1985; x_wconf 74' lang='grc'>’</span> <span class='ocrx_word' id='word_1_232' title='bbox 58 1978 118 2023; x_wconf 83' lang='lat' dir='ltr'><strong>titiae</strong></span> <span class='ocrx_word' id='word_1_233' title='bbox 132 1978 217 2029; x_wconf 84' lang='lat' dir='ltr'><strong>antem,</strong></span> <span class='ocrx_word' id='word_1_234' title='bbox 230 1973 249 2018; x_wconf 79' lang='lat' dir='ltr'><strong>si</strong></span> <span class='ocrx_word' id='word_1_235' title='bbox 259 1972 360 2016; x_wconf 79' lang='lat' dir='ltr'><strong>uindicta</strong></span> <span class='ocrx_word' id='word_1_236' title='bbox 371 1978 474 2017; x_wconf 83' lang='lat' dir='ltr'><strong>sumatur</strong></span> <span class='ocrx_word' id='word_1_237' title='bbox 485 1974 535 2018; x_wconf 86' lang='lat' dir='ltr'><strong>sine</strong></span> <span class='ocrx_word' id='word_1_238' title='bbox 542 1975 606 2031; x_wconf 79' lang='lat' dir='ltr'><strong>justa</strong></span> <span class='ocrx_word' id='word_1_239' title='bbox 615 1988 691 2031; x_wconf 85' lang='lat' dir='ltr'><strong>eausa,</strong></span> <span class='ocrx_word' id='word_1_240' title='bbox 706 1979 745 2021; x_wconf 80' lang='lat' dir='ltr'><strong>aut</strong></span> 
     </span>
    </p>

    <p class='ocr_par' dir='ltr' id='par_1_7' title="bbox 56 2035 217 2099">
     <span class='ocr_line' id='line_1_31' title="bbox 56 2035 217 2099; baseline -0.025 -16"><span class='ocrx_word' id='word_1_241' title='bbox 56 2039 119 2099; x_wconf 70' lang='lat' dir='ltr'><strong>Juste</strong></span> <span class='ocrx_word' id='word_1_242' title='bbox 135 2035 217 2092; x_wconf 81' lang='lat' dir='ltr'><strong>major.</strong></span> 
     </span>
    </p>

    <p class='ocr_par' dir='ltr' id='par_1_8' title="bbox 13 2093 751 2217">
     <span class='ocr_line' id='line_1_32' title="bbox 13 2093 745 2151; baseline -0.007 -8"><span class='ocrx_word' id='word_1_243' title='bbox 13 2110 15 2112; x_wconf 81' lang='grc'><strong><em>·</em></strong></span> <span class='ocrx_word' id='word_1_244' title='bbox 36 2146 37 2149; x_wconf 54' lang='grc'>,</span> <span class='ocrx_word' id='word_1_245' title='bbox 89 2098 247 2151; x_wconf 82' lang='lat' dir='ltr'><strong>90.-Resp.</strong></span> <span class='ocrx_word' id='word_1_246' title='bbox 258 2094 288 2138; x_wconf 89' lang='lat' dir='ltr'><strong>II.</strong></span> <span class='ocrx_word' id='word_1_247' title='bbox 301 2093 366 2137; x_wconf 85' lang='lat' dir='ltr'><strong>Filiae</strong></span> <span class='ocrx_word' id='word_1_248' title='bbox 375 2093 417 2138; x_wconf 87' lang='lat' dir='ltr'><strong>irae</strong></span> <span class='ocrx_word' id='word_1_249' title='bbox 429 2097 482 2138; x_wconf 88' lang='lat' dir='ltr'><strong>sunt</strong></span> <span class='ocrx_word' id='word_1_250' title='bbox 490 2095 627 2139; x_wconf 77' lang='lat' dir='ltr'><strong>haetPrima</strong></span> <span class='ocrx_word' id='word_1_251' title='bbox 638 2098 674 2140; x_wconf 80' lang='lat' dir='ltr'><strong>est</strong></span> <span class='ocrx_word' id='word_1_252' title='bbox 684 2097 745 2139; x_wconf 86' lang='lat' dir='ltr'><strong>indi-</strong></span> 
     </span>
     <span class='ocr_line' id='line_1_33' title="bbox 60 2152 751 2217; baseline -0.004 -15"><span class='ocrx_word' id='word_1_253' title='bbox 60 2157 148 2217; x_wconf 79' lang='lat' dir='ltr'><strong>gnatia,</strong></span> <span class='ocrx_word' id='word_1_254' title='bbox 162 2168 213 2212; x_wconf 86' lang='lat' dir='ltr'><strong>quae</strong></span> <span class='ocrx_word' id='word_1_255' title='bbox 225 2156 260 2198; x_wconf 88' lang='lat' dir='ltr'><strong>est</strong></span> <span class='ocrx_word' id='word_1_256' title='bbox 269 2152 357 2197; x_wconf 80' lang='lat' dir='ltr'><strong>aversio</strong></span> <span class='ocrx_word' id='word_1_257' title='bbox 367 2164 381 2195; x_wconf 88' lang='lat' dir='ltr'><strong>a</strong></span> <span class='ocrx_word' id='word_1_258' title='bbox 391 2155 505 2209; x_wconf 85' lang='lat' dir='ltr'><strong>proximo,</strong></span> <span class='ocrx_word' id='word_1_259' title='bbox 520 2156 614 2211; x_wconf 89' lang='lat' dir='ltr'><strong>eoquod</strong></span> <span class='ocrx_word' id='word_1_260' title='bbox 625 2155 751 2212; x_wconf 38' lang='lat' dir='ltr'><strong>indignans,</strong></span> 
     </span>
    </p>
   </div>
   <div class='ocr_carea' id='block_1_6' title="bbox 84 2270 437 2325">
    <p class='ocr_par' dir='ltr' id='par_1_9' title="bbox 84 2270 437 2325">
     <span class='ocr_line' id='line_1_34' title="bbox 84 2270 437 2325; baseline -0.02 -11"><span class='ocrx_word' id='word_1_261' title='bbox 84 2275 110 2325; x_wconf 71' lang='grc' dir='ltr'><strong>(Ι)</strong></span> <span class='ocrx_word' id='word_1_262' title='bbox 119 2275 146 2313; x_wconf 82' lang='lat' dir='ltr'><strong>Cf.</strong></span> <span class='ocrx_word' id='word_1_263' title='bbox 153 2276 172 2312; x_wconf 83' lang='lat' dir='ltr'><strong>S.</strong></span> <span class='ocrx_word' id='word_1_264' title='bbox 182 2275 245 2312; x_wconf 88' lang='lat' dir='ltr'><strong>Thour.</strong></span> <span class='ocrx_word' id='word_1_265' title='bbox 255 2270 276 2299; x_wconf 41' lang='lat'><strong>‘¹⁸¹</strong></span> <span class='ocrx_word' id='word_1_266' title='bbox 283 2272 301 2308; x_wconf 76' lang='lat'><strong>2.</strong></span> <span class='ocrx_word' id='word_1_267' title='bbox 311 2283 329 2319; x_wconf 89' lang='lat' dir='ltr'><strong>q.</strong></span> <span class='ocrx_word' id='word_1_268' title='bbox 340 2270 380 2308; x_wconf 77' lang='lat'>158.</span> <span class='ocrx_word' id='word_1_269' title='bbox 390 2281 407 2308; x_wconf 74' lang='lat' dir='ltr'><strong>a.</strong></span> <span class='ocrx_word' id='word_1_270' title='bbox 420 2272 437 2307; x_wconf 85' lang='lat'><strong>2.</strong></span> 
     </span>
    </p>
   </div>
   <div class='ocr_carea' id='block_1_7' title="bbox 0 0 797 2464">
    <p class='ocr_par' dir='ltr' id='par_1_10' title="bbox 0 0 797 2464">
     <span class='ocr_line' id='line_1_35' title="bbox 0 0 797 2464; baseline 0 0"><span class='ocrx_word' id='word_1_271' title='bbox 0 0 797 2464; x_wconf 95' lang='lat' dir='ltr'><strong> </strong></span> 
     </span>
    </p>
   </div>
  </div>
 </body>
</html>
