1577 2464
5 88 7 94 r
51 62 105 129 ’290
142 80 372 115 nno-connnssnams
386 80 497 115 annonas
513 79 652 115 rnsmocrns

61 170 171 211 aeternnm
181 165 185 209 l
197 163 293 212 Utinam
312 168 376 212 illum
386 183 412 213 eo
427 182 511 221 amore,
524 181 568 222 quo
579 170 656 213 amant
665 167 740 225 ipsum

61 240 137 271 omnes
150 227 228 271 Sancti
241 228 347 282 incaelis,
360 242 436 272 amare
448 225 547 284 posseml
698 283 699 286 Ἰ

91 287 206 342 Numquid
216 302 246 333 ex
254 289 320 332 corde
332 289 401 342 doles,
413 290 471 344 quod
481 290 560 341 Deum,
573 290 621 330 tam
631 288 655 331 in
665 290 689 331 te
699 288 741 331 be·

62 347 164 403 nigrum,
177 349 225 391 tam
240 349 299 393 inse
315 348 443 401 amabilem,
455 350 503 393 tam
518 346 610 403 dignum
627 347 687 391 omni
697 348 741 391 ho-

62 421 125 462 nore,
138 423 238 464 unquam
251 409 348 465 peccatis
364 408 409 453 tuis
424 407 556 453 offenderis?
570 408 633 457 Quod
650 408 740 464 feceris,

63 482 113 523 quas
126 471 195 512 tantae
207 470 301 513 bonitati
313 467 445 523 displicent3
458 470 504 524 qui,
517 469 559 512 etsi
571 482 611 511 nec
622 469 742 522 praemium

64 531 248 584 exspectandum,
261 542 300 571 nec
312 541 377 584 poena
387 528 487 571 timenda
498 532 565 579 esset,
579 527 678 571 omnium
689 541 742 570 cor-

64 588 128 631 dibus
144 592 179 631 est
195 586 317 631 amandus?
336 588 404 642 Rcsp.
425 588 460 631 Ex
471 591 518 631 toto
536 589 602 630 corde
613 587 685 630 doleo.
701 586 743 630 Dic

65 661 119 702 ergo
138 660 143 690 ε
161 648 229 701 Deus,
248 645 359 704 propitius
379 648 428 690 esto
445 647 501 689 mihi
518 645 643 704 peccatoril
662 648 741 701 Pater,

65 707 155 764 peccavi
173 707 196 748 in
207 706 288 750 coelum
303 708 326 750 et
342 720 417 750 coram
429 709 464 762 te;
478 708 527 764 jam
539 722 582 750 non
597 721 646 752 smn
662 707 743 763 dignus

35 791 37 795 ,
66 768 141 809 vocari
152 766 212 810 filins
222 769 275 818 tnus
288 778 293 809 :
306 780 334 809 ne
345 767 451 823 projicias
462 781 498 811 me
509 781 523 810 a
533 767 591 811 facie
604 764 655 811 tual
668 767 743 811 Num*

65 827 117 882 qnid
129 826 218 880 statuis,
232 827 343 883 deinceps,
358 829 428 883 quoad
441 827 500 871 Dens
512 827 553 871 tibi
566 827 636 871 vitam
646 826 741 879 dederit,

65 900 141 929 amore
152 887 201 942 ejus
213 887 287 929 omnia
298 889 390 942 peccata
400 887 483 940 vitare,
497 887 623 930 occasiones
637 887 743 943 peccandi

27 972 29 978 ==
64 946 143 1000 ingere
162 949 184 989 et
196 949 306 1001 praestare
322 946 397 989 omnia
411 960 469 1001 qnae,
485 959 510 989 re
525 946 648 1001 prudenter
668 946 744 990 oonsi-

66 1007 153 1059 derala,
181 1007 210 1049 ad
233 1006 330 1049 salutem
351 1007 479 1049 necessaria
495 1005 650 1061 judicaveris?
671 1006 741 1062 Resp.

66 1067 147 1109 Statuc
158 1079 199 1121 per
211 1066 252 1108 Dei
264 1065 369 1122 gratiam.
379 1066 443 1118 Dixi,
457 1080 514 1109 nune
525 1067 590 1121 coepi,
605 1066 680 1110 Statni
691 1072 744 1110 cus*

65 1126 139 1170 todire
158 1126 331 1181 justificationes
356 1129 415 1181 tuas,
439 1125 541 1170 Domine.
565 1126 678 1170 Confirma
702 1128 745 1171 hoo

61 1188 136 1236 ¹Dens,
150 1188 207 1240 qnod
215 1189 322 1241 >operatus
334 1199 357 1228 cs
368 1185 391 1227 in
402 1199 446 1228 me.

97 1245 119 1287 2,
133 1245 158 1288 Si
168 1247 283 1288 terreatur
296 1245 355 1287 forte
366 1244 510 1289 multitudine
521 1244 673 1301 peccatorum,
686 1244 745 1288 exci-

67 1308 129 1349 tetur
154 1305 196 1348 Dei
220 1305 339 1348 clementia
360 1317 414 1361 erga
435 1306 575 1361 peccatores,
597 1319 620 1349 v,
644 1319 666 1362 g.
690 1318 745 1361 erga

67 1366 235 1422 Magdalenam,
258 1364 380 1409 Latronem
405 1365 428 1408 in
450 1379 523 1418 cruce,
541 1366 565 1409 S.
588 1365 691 1418 Petrum,
709 1366 744 1409 cni

67 1428 140 1481 primo
150 1427 210 1468 inter
220 1425 340 1481 Apostolos
351 1428 403 1481 post
413 1425 611 1468 Resurrectionem
621 1425 726 1481 apparuit
738 1437 743 1469 ε

68 1487 92 1529 S.
106 1487 224 1538 Thomam,
241 1486 278 1528 cui
294 1483 441 1541 pertinaciter
456 1483 570 1528 incredulo
588 1486 669 1528 obtulit
685 1485 744 1528 latus
774 1498 777 1506 ·

68 1548 181 1588 etmanns
195 1544 267 1587 :item
283 1544 385 1600 erigatur
401 1543 477 1586 verbis
495 1544 535 1585 Dei
546 1543 641 1587 dicentis
661 1557 666 1587 :
684 1544 745 1590 Nolo

68 1607 160 1650 ntortcm
170 1603 306 1660 peccatoris,
321 1602 360 1648 cccl
373 1605 401 1647 ct
415 1605 559 1648 collccrtotcr
570 1606 591 1647 et
606 1601 677 1647 picot.
696 1603 746 1647 Ml-

68 1663 193 1715 scrioordlc
203 1663 298 1709 Domini
308 1675 377 1721 sapor
389 1663 464 1712 manto
476 1675 542 1720 opero
551 1662 608 1720 ejus.
619 1665 669 1721 lpse
680 1666 745 1721 pater

11 1747 13 1757 ·
69 1726 166 1782 optimus
185 1727 231 1778 est,
247 1724 291 1769 etsi
309 1737 349 1767 nos
368 1723 409 1766 filii
429 1724 524 1779 prodigi.
543 1724 593 1768 Etsi
608 1727 633 1768 tu
650 1726 745 1768 commi-

41 1796 43 1798 ’
69 1785 135 1840 seris,
148 1784 205 1828 unde
215 1786 322 1828 damnare
331 1787 354 1827 te
364 1786 449 1841 potest3
460 1784 507 1840 ipse
519 1788 595 1829 tamen
605 1798 650 1829 non
659 1784 744 1841 amisit,

9 1893 10 1896 ,
69 1847 127 1893 unde
138 1845 228 1888 salvare
241 1845 358 1900 te-potest.

71 1922 74 1928 ¹
100 1904 122 1946 3.
137 1904 162 1946 si
173 1903 275 1946 infirmus
286 1903 347 1946 esset
357 1901 427 1955 rudis,
439 1902 557 1960 minusque
566 1904 747 1961 apprehenderet
784 1958 785 1961 Ἴ

70 1965 157 2010 motiva
173 1962 298 2007 dilectionis
312 1962 360 2015 Dei,
378 1962 514 2007 inducendus
530 1967 590 2008 esset
604 1963 702 2021 primum
718 1965 746 2007 ad

70 2024 169 2131 gplprem
181 2022 255 2069 minus
268 2022 400 2080 perfectum,
413 2037 451 2066 seu
464 2023 612 2080 attritionem,
626 2025 746 2068 secundum

86 2097 152 2133 lca.⁴

372 2213 450 2229 w
