1577 2464
264 51 323 87 ruas
338 50 372 99 in,
397 49 471 82 curer
486 50 494 80 1
674 39 719 84 233

38 139 147 193 majorem
161 137 272 193 concipiat
281 135 398 179 horrerem
407 138 502 192 peccati,
513 139 661 193 conatumque
672 142 719 183 ma-

37 198 241 256 jeremadhibeat3
258 201 316 248 tum,
332 199 358 240 ut
375 205 480 241 amoveat
495 196 614 240 fundatum
629 198 718 243 dubium
769 215 771 218 ·

39 261 66 304 de
86 259 145 302 serie
163 257 401 315 prepositeExcipe,
422 257 466 301 nisi
487 259 592 300 adessent
614 259 719 314 specialia

40 320 103 374 signa
114 318 204 370 doloris,
218 319 258 360 aut
269 316 391 359 necessitas
403 316 463 358 aliud
476 316 586 371 exigeret.
726 370 728 373 y

70 377 121 422 171.
136 402 164 409 -
180 377 250 431 Resp.
262 375 303 418 ΙΙΙ.
319 374 370 424 Non
382 375 581 419 estabsoluendus
597 375 719 433 poenitens,

40 437 85 494 qui
98 437 190 494 physice
215 438 238 479 et
256 434 322 478 facile
340 439 415 493 petest
437 436 576 481 occasionem
592 438 720 492 proximam

40 496 168 542 continuam
181 496 309 551 mentaliter
321 497 426 551 peccandi
438 497 550 549 deserere,
564 501 587 539 ct
598 511 641 539 nen
651 497 703 540 vult
713 510 723 550 ;’

40 559 81 601 etsi
92 559 159 609 dicat,
173 566 197 599 se
208 557 291 598 habene
301 557 440 610 propesitum
451 557 606 599 firmissimum
619 570 662 598 nen
674 569 721 599 am-

36 618 98 674 plius
110 615 224 673 peccandi.
238 616 279 659 Est
289 616 480 670 communissima,
494 619 517 660 et
526 620 588 660 centa
598 616 718 659 sententia.
762 642 764 646 >

34 674 108 720 *aaran
116 681 158 729 est,
169 677 221 731 quia
229 676 283 718 talis
293 676 480 731 prepositumnec
489 677 565 729 habet,
577 689 617 720 nec
628 681 721 719 manens
781 678 782 681 ’

40 738 62 779 in
77 736 122 779 ista
139 735 254 778 occasione
266 735 350 779 habere
367 739 442 791 petest
458 749 462 778 :
477 736 535 778 velle
553 737 612 779 enim
629 749 721 778 manere

40 797 63 839 in
82 796 123 839 tali
138 796 267 848 occasione,
284 797 319 838 est
335 795 394 838 uelle
408 799 537 852 peccatum,
557 809 607 838 eum
624 796 654 839 sit
672 796 722 838 fre-

41 856 117 911 quenti
127 855 218 910 relapsu
230 853 356 910 conjuncta,
367 860 389 898 et
399 857 446 897 sine
458 856 522 910 gravi
533 856 673 898 incommode
683 856 722 897 vi·

41 915 126 960 tabilis.
146 915 211 958 Unde
231 914 345 957 Innocent.
365 915 407 967 Xl,
427 915 544 958 (ieiunavit
564 916 622 958 hanc
642 916 721 958 ordine

40 976 68 1019 el
79 981 139 1018 mam:
157 974 236 1019 Potest
258 974 382 1031 aliqnando
402 974 496 1025 adsolet,
514 975 555 1032 pat
572 976 596 1019 in
615 976 721 1031 prennnn

36 1034 147 1092 preconante
158 1035 272 1078 erectione
282 1037 395 1085 censetor,
409 1047 476 1091 priene
486 1037 569 1095 petest,
582 1037 603 1079 et
614 1047 659 1079 rien
670 1034 722 1079 enit

41 1096 142 1138 enzittere
150 1113 158 1137 .·
167 1094 224 1149 quin
233 1094 277 1136 inco
287 1093 378 1145 directe,
387 1098 408 1137 ct
417 1106 443 1137 cn
449 1095 567 1150 preposite
577 1094 668 1151 pacarit,
679 1097 721 1138 teret

41 1154 61 1198 ei
68 1167 90 1198 se
98 1154 194 1211 nepein't,
204 1154 330 1195 Damnatur
338 1158 413 1196 autem
424 1154 612 1211 liaeepropositie,
624 1157 649 1197 ut
660 1157 722 1197 recte

41 1215 154 1258 Cardenas
175 1213 197 1254 in
217 1214 314 1256 secunda
333 1213 392 1257 Orisi
414 1214 467 1257 diss.
486 1214 524 1266 40,
540 1228 559 1257 c.
579 1215 608 1266 V,
632 1218 676 1257 art.
698 1216 722 1268 4,

41 1288 102 1317 num.
117 1274 168 1323 114,
180 1273 270 1316 divisim
283 1272 324 1327 ita,
338 1276 363 1316 ut
374 1273 423 1329 ejus
437 1274 612 1317 contradictoria
622 1274 652 1317 sit
665 1286 669 1317 :
682 1287 724 1317 nec

41 1338 116 1389 petest
134 1333 253 1387 aliquande
274 1333 369 1388 absolvi,
388 1333 426 1388 qui
446 1333 469 1375 in
487 1334 601 1376 occasione
620 1333 724 1389 proxima
771 1380 772 1383 ,

24 1406 26 1413 ’
41 1393 148 1449 peccandi
159 1395 272 1445 versatur,
293 1394 346 1447 etc,
365 1407 405 1435 nec
416 1394 452 1448 qui
465 1393 549 1435 directe
567 1407 615 1435 eam
631 1393 722 1448 quaerit,

42 1456 81 1496 aut
90 1453 124 1494 illi
133 1467 156 1495 se
167 1451 262 1506 ingenit:
271 1452 323 1506 quia
333 1452 463 1508 particulae:
474 1453 585 1509 parielinae,
593 1453 724 1508 exprimunt

13 1549 14 1553 ,
41 1525 118 1555 casum
129 1512 202 1565 nangis
212 1511 312 1554 dubium.

73 1572 124 1614 172.
136 1595 166 1602 —-
174 1571 243 1625 Resp.
255 1570 295 1613 lV.
309 1570 466 1613 Absolvendus
476 1584 563 1626 queque
574 1584 617 1613 nen
630 1572 673 1624 est,
686 1570 725 1627 qui

42 1645 85 1674 non
104 1632 154 1681 vult
173 1630 246 1672 vitare
268 1630 407 1673 occasionem
428 1631 554 1686 proximam
572 1631 725 1686 interruptam

42 1691 146 1746 graviter
157 1690 271 1746 peccandi,
286 1703 308 1732 v,
322 1703 344 1745 g.
357 1691 460 1742 choreas,
474 1690 582 1747 tripudia,
599 1692 724 1745 consortia,

42 1752 65 1794 in
77 1752 158 1806 quibus
168 1750 300 1804 frequenter
309 1754 387 1804 peccat
398 1750 509 1805 graviter.
524 1751 593 1796 Ratio
606 1754 648 1805 est,
662 1751 724 1806 quia,

43 1824 93 1854 cum
118 1811 175 1853 sciat
195 1823 258 1851 suam
283 1808 433 1863 fragilitatem
455 1811 624 1865 periculumque
646 1811 727 1865 prexi-

44 1883 114 1923 mum,
139 1870 158 1913 si
180 1869 254 1911 uitare
275 1867 345 1921 nolit,
366 1869 506 1924 propesitum
528 1869 664 1924 requisitum
683 1883 728 1913 nen

44 1930 120 1974 habet.
133 1926 205 1980 Quod,
219 1927 239 1971 si
252 1927 311 1971 serie
328 1928 475 1984 promitteret
486 1929 561 1972 vitare
576 1930 646 1972 talem
660 1943 728 1972 occa·

44 1989 139 2043 sionem,
156 1991 233 2045 posset
247 1987 329 2044 prima,
342 1986 379 2029 vel
391 1990 489 2031 secunda
506 1989 564 2040 vice,
580 2002 624 2046 qua
635 1990 729 2046 peccata

44 2049 89 2093 ista
99 2051 228 2103 confitetuc,
243 2047 330 2091 absolvi
343 2045 389 2104 (1);
402 2048 455 2103 quia
465 2049 555 2093 facilius
567 2049 675 2105 praesumi
686 2062 729 2105 pe-

44 2113 91 2153 test
102 2108 242 2165 propesitum
254 2108 339 2160 efficax,
350 2120 400 2149 curn
411 2107 449 2151 hic
460 2109 542 2153 effectu
557 2123 599 2152 nen
611 2109 640 2153 sit
651 2110 674 2152 in
689 2122 729 2152 oc-

69 2244 91 2293 (1)
102 2243 128 2279 Cf.
138 2243 156 2279 S.
166 2244 218 2288 Alpli.
231 2242 248 2287 6,
260 2241 300 2277 454.
