1577 2464
52 75 116 131 '352‘
145 84 375 139 rao-conrnssauius
391 96 502 132 raacrrcs
518 100 659 135 uusrnucrus

41 195 42 198 ’
64 200 88 230 se
98 200 112 230 a
122 187 145 229 te
156 187 263 236 aestimari
275 192 298 232 et
308 188 409 232 animum
420 188 535 231 turbatum
546 187 619 242 magis
631 186 743 229 laborabit

63 246 180 291 involvere
199 248 308 293 tenebris.
327 248 419 307 Optima
439 246 542 291 vincendi
561 246 621 291 ratio
643 248 677 290 est
696 246 743 289 mi-

64 307 124 351 nime
138 307 235 352 turbari.
248 309 377 353 Molestiam
388 311 481 366 possunt
496 306 580 350 inferre
595 306 742 361 tentationes,

25 395 27 403 ,
65 369 159 412 sednon
173 382 263 423 nocere,
272 370 295 413 ‘si
309 370 418 426 persistas
431 369 454 412 in
470 367 586 425 proposito
599 369 646 411 Deo
656 367 743 410 sineere

65 428 187 471 serviendi.
205 429 302 472 Proinde
313 429 364 472 illas
379 433 516 481 comtemne3
529 428 574 470 imo
591 441 632 469 nec
648 427 742 482 dignare

34 500 43 519 ⁸-
60 488 182 530 ‚reflectere
194 490 221 531 ad
229 489 259 541 id,
272 489 330 542 qnod
342 491 462 543 oggerunt,
470 488 545 538 ‘multo
556 489 629 529 minus
641 486 743 541 singulas

36 560 39 564 ·
66 550 155 602 excute,
168 547 245 604 quales
258 547 310 601 sint,
323 549 376 603 quia
387 547 486 605 singulas
498 545 640 601 excutiendo,
652 547 676 590 te
687 560 742 589 con-

44 627 45 630 *
68 608 149 651 liceras
160 607 248 651 etnihil
259 607 387 662 proficeres.
776 607 777 610 ’

97 667 186 723 Regula
201 667 381 724 cruentationes
402 668 529 725 praesertim
555 666 662 711 molestas
681 664 744 722 aperi

68 727 209 772 Confessario
225 729 273 780 tuo,
289 728 326 771 vel
344 728 450 771 directuri
466 727 580 783 spirituali
597 740 601 771 ’.
618 726 674 769 nihil
685 725 745 769 enim
775 728 777 730 ’

23 792 25 794 ’
68 786 141 843 magis
153 787 200 830 odit
214 787 283 831 Satan
295 801 361 843 quam
373 801 425 831 snas
439 787 617 838 machinationes
629 800 673 829 non
694 799 746 829 ma-

68 861 122 890 nere
137 847 243 900 occultas,
257 847 336 891 similis
347 848 474 900 libidinoso,
490 848 528 902 qui
543 848 596 890 dnm
611 848 686 890 tentat
702 846 746 889 ho-

69 910 156 949 nestam
167 898 284 948 mulierem
296 920 371 949 secum
383 908 410 949 ad
420 907 531 962 flagitium
544 906 689 961 pertrahere3
705 918 746 947 sua

69 966 186 1010 molimina
202 966 299 1009 inanime
310 967 359 1010 vult
370 967 420 1010 viro
437 980 486 1010 esse
500 966 595 1009 occulta.
614 964 669 1008 Dein
687 966 759 1008 Deus⁴

69 1027 127 1069 hanc
137 1026 287 1069 humilitatem
303 1027 360 1070 solet
374 1026 455 1083 gratiae
464 1026 555 1069 auxiliis
564 1038 709 1068 remunerare
724 1029 747 1068 et

68 1086 219 1131 directoribus
230 1092 352 1142 suggerere
363 1086 445 1140 media,
457 1086 537 1145 quibus
552 1085 632 1129 statuit
643 1085 697 1128 dare
712 1083 747 1128 ei·

58 1169 59 1183 1
69 1146 179 1190 ficariam.
189 1147 219 1191 Et
230 1147 282 1190 hine
291 1146 314 1190 id
324 1147 484 1204 negligendum
496 1161 539 1190 non
551 1145 644 1198 estetsi
653 1144 747 1189 Confes-

59 1223 60 1228 ’
71 1207 144 1252 sarius
155 1207 352 1251 videreturminns
364 1208 449 1262 doetus,
462 1207 499 1250 vel
510 1210 624 1263 expertus.

101 1266 190 1322 Regula
201 1267 222 1310 5.
234 1267 348 1311 Virtutem
356 1267 476 1311 tentationi
484 1266 609 1322 oppositam
618 1267 748 1309 constanter

71 1339 151 1368 exerce
166 1339 171 1368 :
183 1341 206 1369 V.
220 1340 242 1382 g.
254 1326 354 1370 advertis
363 1330 386 1369 te
397 1326 482 1368 tentari
493 1326 574 1381 spiritu
584 1324 704 1381 superbiae,
715 1324 749 1366 in-

72 1385 153 1429 clinari
167 1387 194 1428 ad
210 1386 382 1429 aestimationem
400 1387 458 1442 apnd
473 1385 583 1438 homines,
601 1386 629 1427 ad
646 1384 747 1438 divitias,

17 1465 18 1468 ¹
71 1446 243 1490 commoditates
253 1442 361 1503 corporis,
380 1445 472 1489 delicias
489 1444 512 1488 in
525 1444 586 1488 victu
601 1447 644 1487 etc.
661 1444 748 1487 Exeree
771 1496 773 1499 v

72 1509 96 1551 te
112 1507 134 1549 in
149 1506 235 1551 virtute
247 1508 357 1564 opposita,
368 1520 391 1551 v.
408 1519 442 1563 gr.
456 1505 593 1558 humilitate,
610 1504 748 1550 liberalitate

73 1580 129 1622 erga
137 1580 256 1624 pauperes,
264 1567 407 1615 abstinentia,
417 1567 539 1610 sobrietate
550 1569 573 1609 et
579 1566 658 1608 adhibe
665 1566 747 1626 media,

40 1648 41 1651 ¹
71 1640 123 1683 quae
132 1633 211 1671 contra
225 1627 314 1683 singula
331 1625 422 1683 peccata
436 1626 541 1682 capitalia
557 1625 663 1681 proposui
675 1626 749 1681 capite

66 1683 154 1744 primo,
172 1687 244 1744 partis
260 1688 371 1742 secundae,
387 1701 400 1730 a
418 1701 478 1730 num.
492 1686 529 1731 ol.
545 1685 570 1729 Iu
589 1685 646 1729 vitia
657 1684 697 1728 illa
712 1685 749 1728 in-

12 1753 14 1760 '
73 1747 169 1800 vehere,
191 1748 301 1789 meditare
325 1748 351 1789 de
377 1747 456 1789 horum
478 1745 629 1802 turpitudine,
655 1748 750 1800 excepta

73 1804 748 1862 luxuriaetoppositaevirtutispulchritndine‚utilitate,eto.

64 1865 113 1919 vSic
124 1865 183 1908 euim
199 1865 250 1910 vitii
261 1866 377 1909 horrorem
395 1869 418 1911 et
432 1865 524 1910 virtutis
541 1878 640 1908 amorem
652 1866 675 1907 et
690 1864 750 1908 aesti-

74 1925 203 1970 mationem·
215 1926 315 1983 augebis.
332 1926 471 1983 Atquehaec
490 1925 591 1970 remedia
611 1918 664 1968 sunt
680 1938 750 1981 gene·

76 1986 143 2031 ralia.
203 1995 206 2000 ²
518 2002 520 2006 ·

105 2045 195 2101 Regula
204 2045 226 2088 6.
239 2045 263 2088 Si
273 2045 346 2101 pulset
354 2047 451 2089 tentatio
460 2048 539 2089 contra
548 2042 685 2096 castitatem
702 2057 751 2100 spe-

69 2102 127 2151 ''ciali
143 2104 232 2149 cautela
240 2115 301 2161 'opus
310 2108 352 2161 est,
364 2120 392 2149 ne
402 2106 510 2160 turberis,
524 2104 605 2149 timeas
614 2104 749 2159 inordinate,

75 2170 115 2210 aut
131 2166 159 2209 ad
175 2165 336 2220 turpitudinem
355 2167 424 2209 etiam
443 2166 492 2221 cJus
511 2165 694 2216 considerandam
714 2177 753 2220 ap-

75 2226 146 2283 plices
166 2224 278 2280 animum3
300 2225 352 2280 qnia
369 2225 401 2270 sio
418 2225 512 2282 augebis
531 2224 691 2280 tentationem
713 2224 751 2266 sed

6 2311 9 2314 ,
76 2285 154 2334 statim
172 2284 267 2343 confuge
283 2285 399 2343 adDmrn,
417 2286 446 2330 ad
457 2285 551 2330 vulnera
561 2284 646 2329 Christi
662 2286 685 2329 et
700 2283 753 2332 aliis
