<?xml version="1.0" encoding="UTF-8"?>
<!DOCTYPE html PUBLIC "-//W3C//DTD XHTML 1.0 Transitional//EN"
    "http://www.w3.org/TR/xhtml1/DTD/xhtml1-transitional.dtd">
<html xmlns="http://www.w3.org/1999/xhtml" xml:lang="en" lang="en">
 <head>
  <title>
</title>
<meta http-equiv="Content-Type" content="text/html;charset=utf-8" />
  <meta name='ocr-system' content='tesseract 3.04.00' />
  <meta name='ocr-capabilities' content='ocr_page ocr_carea ocr_par ocr_line ocrx_word'/>
</head>
<body>
  <div class='ocr_page' id='page_1' title='image "MN5128ucmf_0_0365.png"; bbox 0 0 1577 2464; ppageno 0'>
   <div class='ocr_carea' id='block_1_1' title="bbox 265 72 748 131">
    <p class='ocr_par' dir='ltr' id='par_1_1' title="bbox 265 72 748 131">
     <span class='ocr_line' id='line_1_1' title="bbox 265 72 748 131; baseline -0.006 -9"><span class='ocrx_word' id='word_1_1' title='bbox 265 104 266 107; x_wconf 55' lang='lat'><em>=</em></span> <span class='ocrx_word' id='word_1_2' title='bbox 288 89 348 126; x_wconf 70' lang='lat' dir='ltr'>anas</span> <span class='ocrx_word' id='word_1_3' title='bbox 362 88 397 131; x_wconf 84' lang='lat'>111,</span> <span class='ocrx_word' id='word_1_4' title='bbox 414 88 489 126; x_wconf 76' lang='lat' dir='ltr'>carm</span> <span class='ocrx_word' id='word_1_5' title='bbox 502 88 529 129; x_wconf 64' lang='lat' dir='ltr'>1x2</span> <span class='ocrx_word' id='word_1_6' title='bbox 702 72 748 119; x_wconf 83' lang='lat'>335</span> 
     </span>
    </p>
   </div>
   <div class='ocr_carea' id='block_1_2' title="bbox 67 173 782 2334">
    <p class='ocr_par' dir='ltr' id='par_1_2' title="bbox 67 173 782 2334">
     <span class='ocr_line' id='line_1_2' title="bbox 67 173 777 234; baseline 0.001 -13"><span class='ocrx_word' id='word_1_7' title='bbox 67 175 205 234; x_wconf 72' lang='lat' dir='ltr'>desperatio,</span> <span class='ocrx_word' id='word_1_8' title='bbox 217 188 285 234; x_wconf 86' lang='lat' dir='ltr'>quam</span> <span class='ocrx_word' id='word_1_9' title='bbox 296 175 340 221; x_wconf 76' lang='lat' dir='ltr'>illa·</span> <span class='ocrx_word' id='word_1_10' title='bbox 346 173 454 234; x_wconf 87' lang='lat' dir='ltr'>parturit,</span> <span class='ocrx_word' id='word_1_11' title='bbox 472 174 564 232; x_wconf 79' lang='lat' dir='ltr'>grandis</span> <span class='ocrx_word' id='word_1_12' title='bbox 578 176 613 220; x_wconf 84' lang='lat' dir='ltr'>est</span> <span class='ocrx_word' id='word_1_13' title='bbox 627 173 668 220; x_wconf 86' lang='lat' dir='ltr'>Dei</span> <span class='ocrx_word' id='word_1_14' title='bbox 684 173 748 232; x_wconf 83' lang='lat' dir='ltr'>inju-</span> <span class='ocrx_word' id='word_1_15' title='bbox 775 220 777 222; x_wconf 74' lang='grc'><strong>,</strong></span> 
     </span>
     <span class='ocr_line' id='line_1_3' title="bbox 67 236 748 293; baseline -0.003 -12"><span class='ocrx_word' id='word_1_16' title='bbox 67 237 104 281; x_wconf 86' lang='lat' dir='ltr'>ria</span> <span class='ocrx_word' id='word_1_17' title='bbox 121 249 126 280; x_wconf 90' lang='lat'>:</span> <span class='ocrx_word' id='word_1_18' title='bbox 144 239 264 293; x_wconf 88' lang='lat' dir='ltr'>desperare</span> <span class='ocrx_word' id='word_1_19' title='bbox 281 236 342 279; x_wconf 88' lang='lat' dir='ltr'>enim</span> <span class='ocrx_word' id='word_1_20' title='bbox 358 236 414 280; x_wconf 88' lang='lat' dir='ltr'>dicit</span> <span class='ocrx_word' id='word_1_21' title='bbox 429 236 537 288; x_wconf 83' lang='lat' dir='ltr'>exercite,</span> <span class='ocrx_word' id='word_1_22' title='bbox 557 236 629 278; x_wconf 79' lang='lat' dir='ltr'>Deum</span> <span class='ocrx_word' id='word_1_23' title='bbox 644 237 684 279; x_wconf 86' lang='lat' dir='ltr'>aut</span> <span class='ocrx_word' id='word_1_24' title='bbox 702 249 748 279; x_wconf 65' lang='lat' dir='ltr'>non,</span> 
     </span>
     <span class='ocr_line' id='line_1_4' title="bbox 68 294 748 354; baseline -0.001 -15"><span class='ocrx_word' id='word_1_25' title='bbox 68 310 142 354; x_wconf 84' lang='lat' dir='ltr'>posse,</span> <span class='ocrx_word' id='word_1_26' title='bbox 162 301 201 341; x_wconf 86' lang='lat' dir='ltr'>aut</span> <span class='ocrx_word' id='word_1_27' title='bbox 216 297 274 340; x_wconf 77' lang='lat' dir='ltr'>nolte</span> <span class='ocrx_word' id='word_1_28' title='bbox 290 296 407 352; x_wconf 81' lang='lat' dir='ltr'>ignoscere</span> <span class='ocrx_word' id='word_1_29' title='bbox 423 296 489 339; x_wconf 85' lang='lat' dir='ltr'>etad</span> <span class='ocrx_word' id='word_1_30' title='bbox 505 296 548 338; x_wconf 90' lang='lat' dir='ltr'>hoc</span> <span class='ocrx_word' id='word_1_31' title='bbox 561 294 634 350; x_wconf 86' lang='lat' dir='ltr'>ipsum</span> <span class='ocrx_word' id='word_1_32' title='bbox 653 295 748 339; x_wconf 87' lang='lat' dir='ltr'>inclinat</span> 
     </span>
     <span class='ocr_line' id='line_1_5' title="bbox 68 355 748 413; baseline -0.003 -14"><span class='ocrx_word' id='word_1_33' title='bbox 68 356 251 413; x_wconf 69' lang='lat' dir='ltr'>pusillanimitas.</span> <span class='ocrx_word' id='word_1_34' title='bbox 267 356 326 404; x_wconf 82' lang='lat' dir='ltr'>Quid</span> <span class='ocrx_word' id='word_1_35' title='bbox 342 359 417 411; x_wconf 88' lang='lat' dir='ltr'>putas,</span> <span class='ocrx_word' id='word_1_36' title='bbox 435 355 454 398; x_wconf 89' lang='lat' dir='ltr'>si</span> <span class='ocrx_word' id='word_1_37' title='bbox 470 356 535 411; x_wconf 86' lang='lat' dir='ltr'>pater</span> <span class='ocrx_word' id='word_1_38' title='bbox 545 355 587 397; x_wconf 87' lang='lat' dir='ltr'>filii</span> <span class='ocrx_word' id='word_1_39' title='bbox 601 367 689 397; x_wconf 87' lang='lat' dir='ltr'>omnem</span> <span class='ocrx_word' id='word_1_40' title='bbox 704 355 748 397; x_wconf 87' lang='lat' dir='ltr'>ha-</span> 
     </span>
     <span class='ocr_line' id='line_1_6' title="bbox 68 412 748 472; baseline -0.006 -13"><span class='ocrx_word' id='word_1_41' title='bbox 68 416 154 460; x_wconf 86' lang='lat' dir='ltr'>buisset</span> <span class='ocrx_word' id='word_1_42' title='bbox 169 429 255 468; x_wconf 88' lang='lat' dir='ltr'>curam,</span> <span class='ocrx_word' id='word_1_43' title='bbox 272 429 384 471; x_wconf 86' lang='lat' dir='ltr'>nunquam</span> <span class='ocrx_word' id='word_1_44' title='bbox 395 414 466 458; x_wconf 84' lang='lat' dir='ltr'>filium</span> <span class='ocrx_word' id='word_1_45' title='bbox 483 412 601 472; x_wconf 70' lang='lat' dir='ltr'>promissis</span> <span class='ocrx_word' id='word_1_46' title='bbox 618 412 664 456; x_wconf 84' lang='lat' dir='ltr'>suis</span> <span class='ocrx_word' id='word_1_47' title='bbox 679 413 712 456; x_wconf 81' lang='lat' dir='ltr'>fef</span> <span class='ocrx_word' id='word_1_48' title='bbox 724 413 748 455; x_wconf 84' lang='lat' dir='ltr'>i-</span> 
     </span>
     <span class='ocr_line' id='line_1_7' title="bbox 68 473 782 534; baseline -0.008 -13"><span class='ocrx_word' id='word_1_49' title='bbox 68 475 141 530; x_wconf 84' lang='lat' dir='ltr'>lisset‚</span> <span class='ocrx_word' id='word_1_50' title='bbox 154 476 269 519; x_wconf 88' lang='lat' dir='ltr'>addiceret</span> <span class='ocrx_word' id='word_1_51' title='bbox 277 475 409 534; x_wconf 77' lang='lat' dir='ltr'>delictorum</span> <span class='ocrx_word' id='word_1_52' title='bbox 420 475 519 528; x_wconf 83' lang='lat' dir='ltr'>veniam,</span> <span class='ocrx_word' id='word_1_53' title='bbox 531 473 591 518; x_wconf 84' lang='lat' dir='ltr'>fitius</span> <span class='ocrx_word' id='word_1_54' title='bbox 602 478 677 517; x_wconf 85' lang='lat' dir='ltr'>tamen</span> <span class='ocrx_word' id='word_1_55' title='bbox 689 474 749 530; x_wconf 88' lang='lat' dir='ltr'>patri</span> <span class='ocrx_word' id='word_1_56' title='bbox 780 481 782 483; x_wconf 83' lang='grc'><em>·</em></span> 
     </span>
     <span class='ocr_line' id='line_1_8' title="bbox 68 532 748 593; baseline -0.006 -13"><span class='ocrx_word' id='word_1_57' title='bbox 68 550 112 580; x_wconf 89' lang='lat' dir='ltr'>non</span> <span class='ocrx_word' id='word_1_58' title='bbox 123 537 212 590; x_wconf 80' lang='lat' dir='ltr'>fideret,</span> <span class='ocrx_word' id='word_1_59' title='bbox 225 548 253 578; x_wconf 86' lang='lat' dir='ltr'>an</span> <span class='ocrx_word' id='word_1_60' title='bbox 264 549 307 579; x_wconf 89' lang='lat' dir='ltr'>non</span> <span class='ocrx_word' id='word_1_61' title='bbox 319 536 401 581; x_wconf 77' lang='lat' dir='ltr'>meritc</span> <span class='ocrx_word' id='word_1_62' title='bbox 412 538 477 593; x_wconf 87' lang='lat' dir='ltr'>pater</span> <span class='ocrx_word' id='word_1_63' title='bbox 489 532 654 578; x_wconf 70' lang='lat' dir='ltr'>offenderetur?</span> <span class='ocrx_word' id='word_1_64' title='bbox 665 532 748 589; x_wconf 80' lang='lat' dir='ltr'>quanto</span> 
     </span>
     <span class='ocr_line' id='line_1_9' title="bbox 68 591 749 656; baseline -0.006 -16"><span class='ocrx_word' id='word_1_65' title='bbox 68 596 152 656; x_wconf 86' lang='lat' dir='ltr'>potiori</span> <span class='ocrx_word' id='word_1_66' title='bbox 160 594 213 652; x_wconf 79' lang='lat' dir='ltr'>jure</span> <span class='ocrx_word' id='word_1_67' title='bbox 229 596 289 640; x_wconf 88' lang='lat' dir='ltr'>Deus</span> <span class='ocrx_word' id='word_1_68' title='bbox 301 597 391 641; x_wconf 82' lang='lat' dir='ltr'>offensae</span> <span class='ocrx_word' id='word_1_69' title='bbox 402 595 526 652; x_wconf 86' lang='lat' dir='ltr'>deputabit,</span> <span class='ocrx_word' id='word_1_70' title='bbox 544 594 563 639; x_wconf 90' lang='lat' dir='ltr'>si</span> <span class='ocrx_word' id='word_1_71' title='bbox 575 594 595 638; x_wconf 91' lang='lat' dir='ltr'>ei</span> <span class='ocrx_word' id='word_1_72' title='bbox 610 591 749 637; x_wconf 66' lang='lat' dir='ltr'>diffidamus?</span> 
     </span>
     <span class='ocr_line' id='line_1_10' title="bbox 98 653 750 711; baseline -0.003 -14"><span class='ocrx_word' id='word_1_73' title='bbox 98 655 151 698; x_wconf 76' lang='lat'>238.</span> <span class='ocrx_word' id='word_1_74' title='bbox 164 679 195 686; x_wconf 89' lang='lat'><strong>—</strong></span> <span class='ocrx_word' id='word_1_75' title='bbox 204 657 274 710; x_wconf 83' lang='lat' dir='ltr'>Resp.</span> <span class='ocrx_word' id='word_1_76' title='bbox 292 656 333 699; x_wconf 89' lang='grc' dir='ltr'>ΙΙΙ.</span> <span class='ocrx_word' id='word_1_77' title='bbox 347 657 372 699; x_wconf 82' lang='lat' dir='ltr'>Si</span> <span class='ocrx_word' id='word_1_78' title='bbox 389 657 438 711; x_wconf 87' lang='lat' dir='ltr'>quis</span> <span class='ocrx_word' id='word_1_79' title='bbox 454 656 585 710; x_wconf 81' lang='lat' dir='ltr'>frequenter</span> <span class='ocrx_word' id='word_1_80' title='bbox 596 654 710 696; x_wconf 83' lang='lat' dir='ltr'>recidivus</span> <span class='ocrx_word' id='word_1_81' title='bbox 726 653 750 695; x_wconf 90' lang='lat' dir='ltr'>in</span> 
     </span>
     <span class='ocr_line' id='line_1_11' title="bbox 69 710 749 772; baseline -0.001 -15"><span class='ocrx_word' id='word_1_82' title='bbox 69 715 146 757; x_wconf 88' lang='lat' dir='ltr'>eadem</span> <span class='ocrx_word' id='word_1_83' title='bbox 162 717 254 770; x_wconf 83' lang='lat' dir='ltr'>peccata</span> <span class='ocrx_word' id='word_1_84' title='bbox 269 715 405 772; x_wconf 78' lang='lat' dir='ltr'>despondeat</span> <span class='ocrx_word' id='word_1_85' title='bbox 419 710 519 758; x_wconf 86' lang='lat' dir='ltr'>animum</span> <span class='ocrx_word' id='word_1_86' title='bbox 530 713 567 758; x_wconf 80' lang='lat' dir='ltr'>rel</span> <span class='ocrx_word' id='word_1_87' title='bbox 582 714 709 769; x_wconf 74' lang='lat' dir='ltr'>contrahat,</span> <span class='ocrx_word' id='word_1_88' title='bbox 722 712 749 756; x_wconf 90' lang='lat' dir='ltr'>de</span> 
     </span>
     <span class='ocr_line' id='line_1_12' title="bbox 69 774 748 833; baseline -0.001 -16"><span class='ocrx_word' id='word_1_89' title='bbox 69 775 225 818; x_wconf 82' lang='lat' dir='ltr'>emendatione</span> <span class='ocrx_word' id='word_1_90' title='bbox 243 775 327 831; x_wconf 82' lang='lat' dir='ltr'>futura,</span> <span class='ocrx_word' id='word_1_91' title='bbox 347 777 404 833; x_wconf 80' lang='lat' dir='ltr'>erigi</span> <span class='ocrx_word' id='word_1_92' title='bbox 421 779 495 831; x_wconf 89' lang='lat' dir='ltr'>potest</span> <span class='ocrx_word' id='word_1_93' title='bbox 509 775 593 831; x_wconf 86' lang='lat' dir='ltr'>partim</span> <span class='ocrx_word' id='word_1_94' title='bbox 606 774 655 831; x_wconf 69' lang='lat' dir='ltr'>J&#39;am</span> <span class='ocrx_word' id='word_1_95' title='bbox 674 774 748 829; x_wconf 82' lang='lat' dir='ltr'>dictis,</span> 
     </span>
     <span class='ocr_line' id='line_1_13' title="bbox 69 835 749 892; baseline 0 -14"><span class='ocrx_word' id='word_1_96' title='bbox 69 835 154 892; x_wconf 89' lang='lat' dir='ltr'>partim</span> <span class='ocrx_word' id='word_1_97' title='bbox 174 837 343 891; x_wconf 84' lang='lat' dir='ltr'>sequentibus:</span> <span class='ocrx_word' id='word_1_98' title='bbox 364 837 384 880; x_wconf 88' lang='grc'>1.</span> <span class='ocrx_word' id='word_1_99' title='bbox 407 836 477 880; x_wconf 89' lang='lat' dir='ltr'>Nulla</span> <span class='ocrx_word' id='word_1_100' title='bbox 498 838 550 879; x_wconf 89' lang='lat' dir='ltr'>sunt</span> <span class='ocrx_word' id='word_1_101' title='bbox 571 838 676 891; x_wconf 89' lang='lat' dir='ltr'>peccata,</span> <span class='ocrx_word' id='word_1_102' title='bbox 699 847 749 890; x_wconf 86' lang='lat' dir='ltr'>quae</span> 
     </span>
     <span class='ocr_line' id='line_1_14' title="bbox 69 895 750 953; baseline 0.001 -15"><span class='ocrx_word' id='word_1_103' title='bbox 69 908 111 952; x_wconf 92' lang='lat' dir='ltr'>per</span> <span class='ocrx_word' id='word_1_104' title='bbox 121 895 161 940; x_wconf 91' lang='lat' dir='ltr'>Dei</span> <span class='ocrx_word' id='word_1_105' title='bbox 174 896 272 952; x_wconf 75' lang='lat' dir='ltr'>gratiam</span> <span class='ocrx_word' id='word_1_106' title='bbox 287 896 355 950; x_wconf 76' lang='lat' dir='ltr'>vinci,</span> <span class='ocrx_word' id='word_1_107' title='bbox 371 896 529 953; x_wconf 80' lang='lat' dir='ltr'>emendarique</span> <span class='ocrx_word' id='word_1_108' title='bbox 544 909 588 939; x_wconf 90' lang='lat' dir='ltr'>non</span> <span class='ocrx_word' id='word_1_109' title='bbox 599 895 694 951; x_wconf 82' lang='lat' dir='ltr'>possint.</span> <span class='ocrx_word' id='word_1_110' title='bbox 707 896 750 939; x_wconf 87' lang='lat' dir='ltr'>Est</span> 
     </span>
     <span class='ocr_line' id='line_1_15' title="bbox 70 954 750 1012; baseline 0.001 -13"><span class='ocrx_word' id='word_1_111' title='bbox 70 960 145 999; x_wconf 86' lang='lat' dir='ltr'>autem</span> <span class='ocrx_word' id='word_1_112' title='bbox 156 956 216 1000; x_wconf 85' lang='lat' dir='ltr'>Deus</span> <span class='ocrx_word' id='word_1_113' title='bbox 226 959 319 1012; x_wconf 86' lang='lat' dir='ltr'>paratus</span> <span class='ocrx_word' id='word_1_114' title='bbox 332 958 385 1000; x_wconf 90' lang='lat' dir='ltr'>dare</span> <span class='ocrx_word' id='word_1_115' title='bbox 396 956 506 1000; x_wconf 78' lang='lat' dir='ltr'>auxilinm</span> <span class='ocrx_word' id='word_1_116' title='bbox 516 956 668 1000; x_wconf 87' lang='lat' dir='ltr'>necessarium</span> <span class='ocrx_word' id='word_1_117' title='bbox 681 967 686 998; x_wconf 89' lang='lat'>:</span> <span class='ocrx_word' id='word_1_118' title='bbox 699 954 750 1000; x_wconf 75' lang='lat' dir='ltr'>voit</span> 
     </span>
     <span class='ocr_line' id='line_1_16' title="bbox 69 1015 751 1073; baseline 0 -15"><span class='ocrx_word' id='word_1_119' title='bbox 69 1015 129 1059; x_wconf 87' lang='lat' dir='ltr'>enim</span> <span class='ocrx_word' id='word_1_120' title='bbox 147 1016 215 1070; x_wconf 81' lang='lat' dir='ltr'>Deus,</span> <span class='ocrx_word' id='word_1_121' title='bbox 236 1019 261 1060; x_wconf 91' lang='lat' dir='ltr'>ut</span> <span class='ocrx_word' id='word_1_122' title='bbox 279 1022 383 1073; x_wconf 87' lang='lat' dir='ltr'>peccator</span> <span class='ocrx_word' id='word_1_123' title='bbox 399 1019 546 1060; x_wconf 85' lang='lat' dir='ltr'>convertatur</span> <span class='ocrx_word' id='word_1_124' title='bbox 563 1019 587 1060; x_wconf 86' lang='lat' dir='ltr'>et</span> <span class='ocrx_word' id='word_1_125' title='bbox 603 1015 675 1059; x_wconf 85' lang='lat' dir='ltr'>vivat.</span> <span class='ocrx_word' id='word_1_126' title='bbox 691 1015 751 1058; x_wconf 84' lang='lat' dir='ltr'>Eze-</span> 
     </span>
     <span class='ocr_line' id='line_1_17' title="bbox 69 1075 766 1136; baseline -0.001 -17"><span class='ocrx_word' id='word_1_127' title='bbox 69 1075 148 1119; x_wconf 83' lang='lat' dir='ltr'>chielis</span> <span class='ocrx_word' id='word_1_128' title='bbox 159 1090 225 1129; x_wconf 81' lang='lat' dir='ltr'>xvm,</span> <span class='ocrx_word' id='word_1_129' title='bbox 238 1077 307 1132; x_wconf 87' lang='lat' dir='ltr'>cupit,</span> <span class='ocrx_word' id='word_1_130' title='bbox 318 1078 410 1120; x_wconf 90' lang='lat' dir='ltr'>mandat</span> <span class='ocrx_word' id='word_1_131' title='bbox 422 1077 507 1119; x_wconf 89' lang='lat' dir='ltr'>anobis</span> <span class='ocrx_word' id='word_1_132' title='bbox 518 1078 610 1132; x_wconf 89' lang='lat' dir='ltr'>peccata</span> <span class='ocrx_word' id='word_1_133' title='bbox 621 1075 699 1130; x_wconf 82' lang='lat' dir='ltr'>vitari,</span> <span class='ocrx_word' id='word_1_134' title='bbox 711 1088 750 1124; x_wconf 83' lang='lat' dir='ltr'>no·</span> <span class='ocrx_word' id='word_1_135' title='bbox 764 1132 766 1136; x_wconf 15' lang='lat' dir='ltr'>y</span> 
     </span>
     <span class='ocr_line' id='line_1_18' title="bbox 70 1135 751 1190; baseline 0.001 -13"><span class='ocrx_word' id='word_1_136' title='bbox 70 1135 157 1189; x_wconf 73' lang='lat' dir='ltr'>vitque,</span> <span class='ocrx_word' id='word_1_137' title='bbox 170 1149 209 1178; x_wconf 91' lang='lat' dir='ltr'>nos</span> <span class='ocrx_word' id='word_1_138' title='bbox 224 1136 272 1177; x_wconf 84' lang='lat' dir='ltr'>sine</span> <span class='ocrx_word' id='word_1_139' title='bbox 288 1136 338 1190; x_wconf 67' lang='lat' dir='ltr'>epus</span> <span class='ocrx_word' id='word_1_140' title='bbox 354 1136 438 1179; x_wconf 78' lang='lat' dir='ltr'>auxilia</span> <span class='ocrx_word' id='word_1_141' title='bbox 449 1136 540 1178; x_wconf 84' lang='lat' dir='ltr'>vincere</span> <span class='ocrx_word' id='word_1_142' title='bbox 556 1148 599 1177; x_wconf 89' lang='lat' dir='ltr'>non</span> <span class='ocrx_word' id='word_1_143' title='bbox 615 1147 689 1189; x_wconf 85' lang='lat' dir='ltr'>posse,</span> <span class='ocrx_word' id='word_1_144' title='bbox 706 1135 751 1178; x_wconf 86' lang='lat' dir='ltr'>nisi</span> 
     </span>
     <span class='ocr_line' id='line_1_19' title="bbox 69 1192 751 1252; baseline 0.003 -15"><span class='ocrx_word' id='word_1_145' title='bbox 69 1198 195 1239; x_wconf 86' lang='lat' dir='ltr'>succurrat.</span> <span class='ocrx_word' id='word_1_146' title='bbox 210 1192 268 1241; x_wconf 78' lang='lat' dir='ltr'>Cum</span> <span class='ocrx_word' id='word_1_147' title='bbox 277 1194 326 1252; x_wconf 81' lang='lat' dir='ltr'>ipso</span> <span class='ocrx_word' id='word_1_148' title='bbox 336 1208 394 1251; x_wconf 75' lang='lat' dir='ltr'>sarm,</span> <span class='ocrx_word' id='word_1_149' title='bbox 403 1195 477 1250; x_wconf 64' lang='lat' dir='ltr'>aicta</span> <span class='ocrx_word' id='word_1_150' title='bbox 486 1193 641 1249; x_wconf 75' lang='lat' dir='ltr'>tribulatione,</span> <span class='ocrx_word' id='word_1_151' title='bbox 655 1193 751 1252; x_wconf 77' lang='lat' dir='ltr'>criptam</span> 
     </span>
     <span class='ocr_line' id='line_1_20' title="bbox 70 1254 749 1313; baseline -0.004 -13"><span class='ocrx_word' id='word_1_152' title='bbox 70 1257 157 1300; x_wconf 75' lang='lat' dir='ltr'>curret</span> <span class='ocrx_word' id='word_1_153' title='bbox 174 1254 307 1313; x_wconf 74' lang='lat' dir='ltr'>ptorc&#39;ficcbo</span> <span class='ocrx_word' id='word_1_154' title='bbox 325 1268 382 1301; x_wconf 71' lang='lat' dir='ltr'>carrae.</span> <span class='ocrx_word' id='word_1_155' title='bbox 400 1256 479 1299; x_wconf 84' lang='lat' dir='ltr'>Potuit</span> <span class='ocrx_word' id='word_1_156' title='bbox 496 1258 519 1298; x_wconf 91' lang='lat' dir='ltr'>te</span> <span class='ocrx_word' id='word_1_157' title='bbox 538 1256 625 1299; x_wconf 81' lang='lat' dir='ltr'>daemon</span> <span class='ocrx_word' id='word_1_158' title='bbox 645 1256 749 1311; x_wconf 90' lang='lat' dir='ltr'>perdere,</span> 
     </span>
     <span class='ocr_line' id='line_1_21' title="bbox 70 1314 750 1372; baseline 0.001 -15"><span class='ocrx_word' id='word_1_159' title='bbox 70 1314 143 1357; x_wconf 81' lang='lat' dir='ltr'>mutto</span> <span class='ocrx_word' id='word_1_160' title='bbox 154 1315 227 1371; x_wconf 75' lang='lat' dir='ltr'>magis</span> <span class='ocrx_word' id='word_1_161' title='bbox 238 1317 313 1372; x_wconf 85' lang='lat' dir='ltr'>potest</span> <span class='ocrx_word' id='word_1_162' title='bbox 323 1320 346 1359; x_wconf 87' lang='lat' dir='ltr'>te</span> <span class='ocrx_word' id='word_1_163' title='bbox 356 1317 416 1360; x_wconf 88' lang='lat' dir='ltr'>Deus</span> <span class='ocrx_word' id='word_1_164' title='bbox 428 1316 562 1369; x_wconf 80' lang='lat' dir='ltr'>restituere3</span> <span class='ocrx_word' id='word_1_165' title='bbox 575 1314 648 1371; x_wconf 90' lang='lat' dir='ltr'>incipe</span> <span class='ocrx_word' id='word_1_166' title='bbox 661 1318 684 1359; x_wconf 84' lang='lat' dir='ltr'>et</span> <span class='ocrx_word' id='word_1_167' title='bbox 696 1328 750 1359; x_wconf 84' lang='lat' dir='ltr'>sen-</span> 
     </span>
     <span class='ocr_line' id='line_1_22' title="bbox 70 1373 748 1431; baseline 0 -13"><span class='ocrx_word' id='word_1_168' title='bbox 70 1374 114 1418; x_wconf 88' lang='lat' dir='ltr'>ties</span> <span class='ocrx_word' id='word_1_169' title='bbox 122 1376 240 1418; x_wconf 81' lang='lat' dir='ltr'>auxilinm.</span> <span class='ocrx_word' id='word_1_170' title='bbox 248 1376 269 1420; x_wconf 78' lang='lat'>2.</span> <span class='ocrx_word' id='word_1_171' title='bbox 280 1376 325 1420; x_wconf 83' lang='lat' dir='ltr'>Cur</span> <span class='ocrx_word' id='word_1_172' title='bbox 334 1377 437 1420; x_wconf 74' lang='lat' dir='ltr'>Christus</span> <span class='ocrx_word' id='word_1_173' title='bbox 445 1379 594 1431; x_wconf 88' lang='lat' dir='ltr'>tantapassus</span> <span class='ocrx_word' id='word_1_174' title='bbox 602 1379 636 1418; x_wconf 89' lang='lat' dir='ltr'>est</span> <span class='ocrx_word' id='word_1_175' title='bbox 644 1373 748 1429; x_wconf 63' lang='lat' dir='ltr'>thnna</span> 
     </span>
     <span class='ocr_line' id='line_1_23' title="bbox 70 1434 750 1492; baseline 0.001 -14"><span class='ocrx_word' id='word_1_176' title='bbox 70 1437 96 1478; x_wconf 90' lang='lat' dir='ltr'>ut</span> <span class='ocrx_word' id='word_1_177' title='bbox 107 1435 241 1480; x_wconf 80' lang='lat' dir='ltr'>medicinam</span> <span class='ocrx_word' id='word_1_178' title='bbox 252 1436 334 1480; x_wconf 81' lang='lat' dir='ltr'>ammae</span> <span class='ocrx_word' id='word_1_179' title='bbox 345 1440 390 1481; x_wconf 88' lang='lat' dir='ltr'>tuae</span> <span class='ocrx_word' id='word_1_180' title='bbox 400 1436 484 1480; x_wconf 89' lang='lat' dir='ltr'>morbis</span> <span class='ocrx_word' id='word_1_181' title='bbox 495 1438 643 1492; x_wconf 79' lang='lat' dir='ltr'>praepararet,</span> <span class='ocrx_word' id='word_1_182' title='bbox 654 1437 679 1478; x_wconf 89' lang='lat' dir='ltr'>ut</span> <span class='ocrx_word' id='word_1_183' title='bbox 688 1434 750 1479; x_wconf 84' lang='lat' dir='ltr'>vires</span> 
     </span>
     <span class='ocr_line' id='line_1_24' title="bbox 70 1492 751 1548; baseline 0 -10"><span class='ocrx_word' id='word_1_184' title='bbox 70 1492 113 1538; x_wconf 82' lang='lat' dir='ltr'>tibi</span> <span class='ocrx_word' id='word_1_185' title='bbox 131 1494 239 1538; x_wconf 89' lang='lat' dir='ltr'>darentur</span> <span class='ocrx_word' id='word_1_186' title='bbox 260 1497 287 1540; x_wconf 91' lang='lat' dir='ltr'>ad</span> <span class='ocrx_word' id='word_1_187' title='bbox 305 1496 439 1540; x_wconf 87' lang='lat' dir='ltr'>vincendam</span> <span class='ocrx_word' id='word_1_188' title='bbox 455 1497 569 1548; x_wconf 82' lang='lat' dir='ltr'>mundum,</span> <span class='ocrx_word' id='word_1_189' title='bbox 589 1495 711 1548; x_wconf 81' lang='lat' dir='ltr'>diabolum,</span> <span class='ocrx_word' id='word_1_190' title='bbox 726 1496 751 1538; x_wconf 90' lang='lat' dir='ltr'>te</span> 
     </span>
     <span class='ocr_line' id='line_1_25' title="bbox 70 1551 749 1610; baseline 0.007 -16"><span class='ocrx_word' id='word_1_191' title='bbox 70 1553 284 1607; x_wconf 71' lang='lat' dir='ltr'>ipsum‘tPotentior</span> <span class='ocrx_word' id='word_1_192' title='bbox 292 1558 327 1598; x_wconf 88' lang='lat' dir='ltr'>est</span> <span class='ocrx_word' id='word_1_193' title='bbox 333 1551 448 1598; x_wconf 81' lang='lat' dir='ltr'>medecina</span> <span class='ocrx_word' id='word_1_194' title='bbox 457 1556 504 1610; x_wconf 78' lang='lat' dir='ltr'>illa,</span> <span class='ocrx_word' id='word_1_195' title='bbox 515 1567 581 1610; x_wconf 88' lang='lat' dir='ltr'>quam</span> <span class='ocrx_word' id='word_1_196' title='bbox 589 1554 680 1597; x_wconf 79' lang='lat' dir='ltr'>morbus</span> <span class='ocrx_word' id='word_1_197' title='bbox 687 1552 749 1599; x_wconf 85' lang='lat' dir='ltr'>tuus.</span> 
     </span>
     <span class='ocr_line' id='line_1_26' title="bbox 71 1612 752 1671; baseline 0.001 -14"><span class='ocrx_word' id='word_1_198' title='bbox 71 1612 163 1658; x_wconf 83' lang='lat' dir='ltr'>Fortior</span> <span class='ocrx_word' id='word_1_199' title='bbox 172 1613 220 1669; x_wconf 86' lang='lat' dir='ltr'>ipse</span> <span class='ocrx_word' id='word_1_200' title='bbox 231 1617 270 1658; x_wconf 85' lang='lat' dir='ltr'>tuo</span> <span class='ocrx_word' id='word_1_201' title='bbox 284 1614 357 1660; x_wconf 87' lang='lat' dir='ltr'>hoste.</span> <span class='ocrx_word' id='word_1_202' title='bbox 370 1615 437 1660; x_wconf 87' lang='lat' dir='ltr'>Dabit</span> <span class='ocrx_word' id='word_1_203' title='bbox 448 1615 489 1659; x_wconf 90' lang='lat' dir='ltr'>tibi</span> <span class='ocrx_word' id='word_1_204' title='bbox 505 1615 622 1671; x_wconf 86' lang='lat' dir='ltr'>perficere,</span> <span class='ocrx_word' id='word_1_205' title='bbox 635 1615 673 1670; x_wconf 87' lang='lat' dir='ltr'>qui</span> <span class='ocrx_word' id='word_1_206' title='bbox 689 1613 752 1659; x_wconf 90' lang='lat' dir='ltr'>dedit</span> 
     </span>
     <span class='ocr_line' id='line_1_27' title="bbox 72 1672 754 1732; baseline 0.004 -16"><span class='ocrx_word' id='word_1_207' title='bbox 72 1672 140 1717; x_wconf 80' lang='lat' dir='ltr'>uelle.</span> <span class='ocrx_word' id='word_1_208' title='bbox 153 1674 175 1717; x_wconf 88' lang='grc'>3.</span> <span class='ocrx_word' id='word_1_209' title='bbox 189 1673 214 1717; x_wconf 80' lang='lat' dir='ltr'>Si</span> <span class='ocrx_word' id='word_1_210' title='bbox 231 1674 309 1729; x_wconf 80' lang='lat' dir='ltr'>scires,</span> <span class='ocrx_word' id='word_1_211' title='bbox 325 1678 349 1720; x_wconf 83' lang='lat' dir='ltr'>te</span> <span class='ocrx_word' id='word_1_212' title='bbox 363 1676 429 1719; x_wconf 90' lang='lat' dir='ltr'>hodie</span> <span class='ocrx_word' id='word_1_213' title='bbox 441 1676 543 1719; x_wconf 83' lang='lat' dir='ltr'>iterando</span> <span class='ocrx_word' id='word_1_214' title='bbox 560 1674 616 1718; x_wconf 84' lang='lat' dir='ltr'>illud</span> <span class='ocrx_word' id='word_1_215' title='bbox 633 1677 754 1732; x_wconf 28' lang='lat' dir='ltr'>peccatum·</span> 
     </span>
     <span class='ocr_line' id='line_1_28' title="bbox 71 1732 752 1788; baseline 0.006 -12"><span class='ocrx_word' id='word_1_216' title='bbox 71 1732 148 1777; x_wconf 78' lang='lat' dir='ltr'>oculos</span> <span class='ocrx_word' id='word_1_217' title='bbox 171 1733 315 1788; x_wconf 77' lang='lat' dir='ltr'>amissurum,</span> <span class='ocrx_word' id='word_1_218' title='bbox 339 1749 367 1779; x_wconf 91' lang='lat' dir='ltr'>an</span> <span class='ocrx_word' id='word_1_219' title='bbox 394 1749 438 1780; x_wconf 92' lang='lat' dir='ltr'>non</span> <span class='ocrx_word' id='word_1_220' title='bbox 457 1733 596 1779; x_wconf 65' lang='lat' dir='ltr'>abstineres?</span> <span class='ocrx_word' id='word_1_221' title='bbox 616 1734 659 1780; x_wconf 87' lang='lat' dir='ltr'>Ita.</span> <span class='ocrx_word' id='word_1_222' title='bbox 680 1735 752 1780; x_wconf 81' lang='lat' dir='ltr'>Vides</span> 
     </span>
     <span class='ocr_line' id='line_1_29' title="bbox 72 1793 751 1852; baseline 0.003 -16"><span class='ocrx_word' id='word_1_223' title='bbox 72 1793 152 1849; x_wconf 82' lang='lat' dir='ltr'>igitur,</span> <span class='ocrx_word' id='word_1_224' title='bbox 168 1795 226 1850; x_wconf 87' lang='lat' dir='ltr'>quod</span> <span class='ocrx_word' id='word_1_225' title='bbox 239 1795 352 1839; x_wconf 87' lang='lat' dir='ltr'>abstinere</span> <span class='ocrx_word' id='word_1_226' title='bbox 364 1797 436 1852; x_wconf 85' lang='lat' dir='ltr'>possis</span> <span class='ocrx_word' id='word_1_227' title='bbox 453 1809 457 1840; x_wconf 72' lang='grc' dir='ltr'><em>ι</em></span> <span class='ocrx_word' id='word_1_228' title='bbox 473 1796 544 1852; x_wconf 77' lang='lat' dir='ltr'>igitur</span> <span class='ocrx_word' id='word_1_229' title='bbox 562 1796 658 1849; x_wconf 84' lang='lat' dir='ltr'>abstine,</span> <span class='ocrx_word' id='word_1_230' title='bbox 670 1796 751 1839; x_wconf 86' lang='lat' dir='ltr'>saltem</span> 
     </span>
     <span class='ocr_line' id='line_1_30' title="bbox 71 1853 751 1914; baseline 0.007 -18"><span class='ocrx_word' id='word_1_231' title='bbox 71 1853 146 1908; x_wconf 81' lang='lat' dir='ltr'>hodie,</span> <span class='ocrx_word' id='word_1_232' title='bbox 159 1854 182 1897; x_wconf 91' lang='lat' dir='ltr'>in</span> <span class='ocrx_word' id='word_1_233' title='bbox 193 1855 300 1898; x_wconf 90' lang='lat' dir='ltr'>honorem</span> <span class='ocrx_word' id='word_1_234' title='bbox 312 1855 397 1901; x_wconf 83' lang='lat' dir='ltr'>Christi</span> <span class='ocrx_word' id='word_1_235' title='bbox 407 1870 448 1914; x_wconf 94' lang='lat' dir='ltr'>pro</span> <span class='ocrx_word' id='word_1_236' title='bbox 459 1858 538 1901; x_wconf 90' lang='lat' dir='ltr'>tetam</span> <span class='ocrx_word' id='word_1_237' title='bbox 549 1855 606 1899; x_wconf 89' lang='lat' dir='ltr'>dura</span> <span class='ocrx_word' id='word_1_238' title='bbox 616 1854 690 1912; x_wconf 87' lang='lat' dir='ltr'>passi;</span> <span class='ocrx_word' id='word_1_239' title='bbox 701 1868 751 1901; x_wconf 84' lang='lat' dir='ltr'>cras</span> 
     </span>
     <span class='ocr_line' id='line_1_31' title="bbox 72 1915 751 1973; baseline 0.001 -16"><span class='ocrx_word' id='word_1_240' title='bbox 72 1926 183 1970; x_wconf 86' lang='lat' dir='ltr'>propones</span> <span class='ocrx_word' id='word_1_241' title='bbox 195 1915 308 1970; x_wconf 80' lang='lat' dir='ltr'>similiter,</span> <span class='ocrx_word' id='word_1_242' title='bbox 319 1930 390 1972; x_wconf 89' lang='lat' dir='ltr'>neque</span> <span class='ocrx_word' id='word_1_243' title='bbox 398 1918 474 1973; x_wconf 79' lang='lat' dir='ltr'>cogita</span> <span class='ocrx_word' id='word_1_244' title='bbox 484 1917 510 1960; x_wconf 92' lang='lat' dir='ltr'>de</span> <span class='ocrx_word' id='word_1_245' title='bbox 520 1917 588 1973; x_wconf 81' lang='lat' dir='ltr'>longa</span> <span class='ocrx_word' id='word_1_246' title='bbox 599 1916 657 1971; x_wconf 85' lang='lat' dir='ltr'>vita,</span> <span class='ocrx_word' id='word_1_247' title='bbox 666 1916 704 1960; x_wconf 89' lang='lat' dir='ltr'>sed</span> <span class='ocrx_word' id='word_1_248' title='bbox 716 1916 751 1959; x_wconf 87' lang='lat' dir='ltr'>dic</span> 
     </span>
     <span class='ocr_line' id='line_1_32' title="bbox 72 1974 749 2031; baseline 0.003 -15"><span class='ocrx_word' id='word_1_249' title='bbox 72 1974 134 2017; x_wconf 91' lang='lat' dir='ltr'>omni</span> <span class='ocrx_word' id='word_1_250' title='bbox 145 1975 181 2018; x_wconf 87' lang='lat' dir='ltr'>die</span> <span class='ocrx_word' id='word_1_251' title='bbox 194 1988 199 2019; x_wconf 89' lang='lat'>:</span> <span class='ocrx_word' id='word_1_252' title='bbox 210 1976 258 2019; x_wconf 91' lang='lat' dir='ltr'>Hoc</span> <span class='ocrx_word' id='word_1_253' title='bbox 274 1975 309 2019; x_wconf 89' lang='lat' dir='ltr'>die</span> <span class='ocrx_word' id='word_1_254' title='bbox 320 1976 446 2031; x_wconf 81' lang='lat' dir='ltr'>abstinebo,</span> <span class='ocrx_word' id='word_1_255' title='bbox 457 1978 499 2020; x_wconf 89' lang='lat' dir='ltr'>hac</span> <span class='ocrx_word' id='word_1_256' title='bbox 517 1980 581 2020; x_wconf 90' lang='lat' dir='ltr'>nocte</span> <span class='ocrx_word' id='word_1_257' title='bbox 593 1990 636 2019; x_wconf 92' lang='lat' dir='ltr'>non</span> <span class='ocrx_word' id='word_1_258' title='bbox 645 1976 749 2030; x_wconf 84' lang='lat' dir='ltr'>peccabo.</span> 
     </span>
     <span class='ocr_line' id='line_1_33' title="bbox 72 2032 748 2092; baseline 0.003 -17"><span class='ocrx_word' id='word_1_259' title='bbox 72 2032 134 2080; x_wconf 28' lang='lat' dir='ltr'>disi</span> <span class='ocrx_word' id='word_1_260' title='bbox 145 2035 206 2077; x_wconf 86' lang='lat' dir='ltr'>dicat</span> <span class='ocrx_word' id='word_1_261' title='bbox 219 2046 224 2079; x_wconf 90' lang='lat'>:</span> <span class='ocrx_word' id='word_1_262' title='bbox 236 2035 347 2091; x_wconf 86' lang='lat' dir='ltr'>Proposui</span> <span class='ocrx_word' id='word_1_263' title='bbox 358 2036 441 2091; x_wconf 88' lang='lat' dir='ltr'>saepius</span> <span class='ocrx_word' id='word_1_264' title='bbox 454 2038 476 2080; x_wconf 91' lang='lat' dir='ltr'>et</span> <span class='ocrx_word' id='word_1_265' title='bbox 488 2038 564 2079; x_wconf 86' lang='lat' dir='ltr'>tamen</span> <span class='ocrx_word' id='word_1_266' title='bbox 576 2036 678 2092; x_wconf 83' lang='lat' dir='ltr'>relapsus</span> <span class='ocrx_word' id='word_1_267' title='bbox 690 2047 748 2089; x_wconf 88' lang='lat' dir='ltr'>sum,</span> 
     </span>
     <span class='ocr_line' id='line_1_34' title="bbox 73 2094 752 2152; baseline -0.003 -12"><span class='ocrx_word' id='word_1_268' title='bbox 73 2097 169 2149; x_wconf 75' lang='lat' dir='ltr'>reponat</span> <span class='ocrx_word' id='word_1_269' title='bbox 181 2095 335 2139; x_wconf 74' lang='lat' dir='ltr'>Goniessarius</span> <span class='ocrx_word' id='word_1_270' title='bbox 349 2096 477 2152; x_wconf 86' lang='lat' dir='ltr'>:Relapsus</span> <span class='ocrx_word' id='word_1_271' title='bbox 492 2096 602 2151; x_wconf 81' lang='lat' dir='ltr'>ejusmodi</span> <span class='ocrx_word' id='word_1_272' title='bbox 618 2094 752 2148; x_wconf 83' lang='lat' dir='ltr'>contingunt</span> 
     </span>
     <span class='ocr_line' id='line_1_35' title="bbox 74 2152 750 2211; baseline 0.001 -15"><span class='ocrx_word' id='word_1_273' title='bbox 74 2163 103 2197; x_wconf 81' lang='lat' dir='ltr'>cx</span> <span class='ocrx_word' id='word_1_274' title='bbox 116 2152 243 2211; x_wconf 83' lang='lat' dir='ltr'>fragilitate</span> <span class='ocrx_word' id='word_1_275' title='bbox 260 2157 347 2199; x_wconf 80' lang='lat' dir='ltr'>naturae</span> <span class='ocrx_word' id='word_1_276' title='bbox 363 2168 404 2211; x_wconf 91' lang='lat' dir='ltr'>per</span> <span class='ocrx_word' id='word_1_277' title='bbox 418 2156 602 2201; x_wconf 87' lang='lat' dir='ltr'>consuetudinem</span> <span class='ocrx_word' id='word_1_278' title='bbox 620 2153 750 2209; x_wconf 83' lang='lat' dir='ltr'>infirmatae,</span> 
     </span>
     <span class='ocr_line' id='line_1_36' title="bbox 75 2215 781 2274; baseline 0.001 -17"><span class='ocrx_word' id='word_1_279' title='bbox 75 2215 207 2272; x_wconf 87' lang='lat' dir='ltr'>quandoque</span> <span class='ocrx_word' id='word_1_280' title='bbox 216 2217 285 2260; x_wconf 86' lang='lat' dir='ltr'>etiam</span> <span class='ocrx_word' id='word_1_281' title='bbox 293 2216 457 2274; x_wconf 85' lang='lat' dir='ltr'>permittuntur</span> <span class='ocrx_word' id='word_1_282' title='bbox 466 2231 479 2260; x_wconf 95' lang='lat' dir='ltr'>a</span> <span class='ocrx_word' id='word_1_283' title='bbox 487 2218 534 2262; x_wconf 88' lang='lat' dir='ltr'>Deo</span> <span class='ocrx_word' id='word_1_284' title='bbox 543 2217 572 2260; x_wconf 87' lang='lat' dir='ltr'>ad</span> <span class='ocrx_word' id='word_1_285' title='bbox 580 2216 752 2272; x_wconf 82' lang='lat' dir='ltr'>expugnandam</span> <span class='ocrx_word' id='word_1_286' title='bbox 775 2248 781 2250; x_wconf 64' lang='lat'>.,</span> 
     </span>
     <span class='ocr_line' id='line_1_37' title="bbox 74 2274 753 2334; baseline 0.003 -17"><span class='ocrx_word' id='word_1_287' title='bbox 74 2276 203 2333; x_wconf 83' lang='lat' dir='ltr'>superbiam</span> <span class='ocrx_word' id='word_1_288' title='bbox 219 2277 354 2323; x_wconf 87' lang='lat' dir='ltr'>nostramet</span> <span class='ocrx_word' id='word_1_289' title='bbox 368 2276 525 2322; x_wconf 84' lang='lat' dir='ltr'>confidentiam</span> <span class='ocrx_word' id='word_1_290' title='bbox 542 2276 565 2322; x_wconf 92' lang='lat' dir='ltr'>in</span> <span class='ocrx_word' id='word_1_291' title='bbox 579 2275 677 2334; x_wconf 88' lang='lat' dir='ltr'>propriis</span> <span class='ocrx_word' id='word_1_292' title='bbox 692 2274 753 2320; x_wconf 85' lang='lat' dir='ltr'>viri-</span> 
     </span>
    </p>
   </div>
   <div class='ocr_carea' id='block_1_3' title="bbox 0 0 801 2464">
    <p class='ocr_par' dir='ltr' id='par_1_3' title="bbox 0 0 801 2464">
     <span class='ocr_line' id='line_1_38' title="bbox 0 0 801 2464; baseline 0 0"><span class='ocrx_word' id='word_1_293' title='bbox 0 0 801 2464; x_wconf 95' lang='lat' dir='ltr'> </span> 
     </span>
    </p>
   </div>
  </div>
 </body>
</html>
