<?xml version="1.0" encoding="UTF-8"?>
<!DOCTYPE html PUBLIC "-//W3C//DTD XHTML 1.0 Transitional//EN"
    "http://www.w3.org/TR/xhtml1/DTD/xhtml1-transitional.dtd">
<html xmlns="http://www.w3.org/1999/xhtml" xml:lang="en" lang="en">
 <head>
  <title>
</title>
<meta http-equiv="Content-Type" content="text/html;charset=utf-8" />
  <meta name='ocr-system' content='tesseract 3.04.00' />
  <meta name='ocr-capabilities' content='ocr_page ocr_carea ocr_par ocr_line ocrx_word'/>
</head>
<body>
  <div class='ocr_page' id='page_1' title='image "MN5128ucmf_0_0244.png"; bbox 0 0 1577 2464; ppageno 0'>
   <div class='ocr_carea' id='block_1_1' title="bbox 51 69 648 135">
    <p class='ocr_par' dir='ltr' id='par_1_1' title="bbox 51 69 648 135">
     <span class='ocr_line' id='line_1_1' title="bbox 51 69 648 135; baseline 0.005 -22"><span class='ocrx_word' id='word_1_1' title='bbox 51 69 97 113; x_wconf 77' lang='grc'>214</span> <span class='ocrx_word' id='word_1_2' title='bbox 137 78 366 135; x_wconf 60' lang='grc' dir='ltr'>ΗΕΘ-ΟΟΝΕΕΒβᾼΒΙΰΞ</span> <span class='ocrx_word' id='word_1_3' title='bbox 381 83 492 116; x_wconf 71' lang='lat' dir='ltr'><strong>PRAGTIGE</strong></span> <span class='ocrx_word' id='word_1_4' title='bbox 508 83 648 117; x_wconf 78' lang='lat' dir='ltr'>INSTRUGTUS</span> 
     </span>
    </p>
   </div>
   <div class='ocr_carea' id='block_1_2' title="bbox 1 168 777 1835">
    <p class='ocr_par' dir='ltr' id='par_1_2' title="bbox 1 168 777 1835">
     <span class='ocr_line' id='line_1_2' title="bbox 50 168 735 233; baseline 0 -19"><span class='ocrx_word' id='word_1_5' title='bbox 50 172 84 225; x_wconf 89' lang='lat' dir='ltr'>ut,</span> <span class='ocrx_word' id='word_1_6' title='bbox 97 168 117 214; x_wconf 87' lang='lat' dir='ltr'>si</span> <span class='ocrx_word' id='word_1_7' title='bbox 128 169 221 233; x_wconf 86' lang='lat' dir='ltr'>vendat,</span> <span class='ocrx_word' id='word_1_8' title='bbox 234 169 277 214; x_wconf 90' lang='lat' dir='ltr'>etsi</span> <span class='ocrx_word' id='word_1_9' title='bbox 287 169 367 227; x_wconf 66' lang='lat' dir='ltr'>,pretio</span> <span class='ocrx_word' id='word_1_10' title='bbox 378 170 572 228; x_wconf 60' lang='lat' dir='ltr'>ruodmannum</span> <span class='ocrx_word' id='word_1_11' title='bbox 587 169 678 227; x_wconf 78' lang='lat' dir='ltr'><strong>fragile,</strong></span> <span class='ocrx_word' id='word_1_12' title='bbox 696 170 735 214; x_wconf 88' lang='lat' dir='ltr'>vel</span> 
     </span>
     <span class='ocr_line' id='line_1_3' title="bbox 49 230 735 288; baseline -0.001 -15"><span class='ocrx_word' id='word_1_13' title='bbox 49 242 150 286; x_wconf 87' lang='lat' dir='ltr'>pannum</span> <span class='ocrx_word' id='word_1_14' title='bbox 161 230 267 274; x_wconf 86' lang='lat' dir='ltr'>adustum</span> <span class='ocrx_word' id='word_1_15' title='bbox 277 243 318 286; x_wconf 89' lang='lat' dir='ltr'>pro</span> <span class='ocrx_word' id='word_1_16' title='bbox 330 232 436 288; x_wconf 79' lang='lat' dir='ltr'>durabili,</span> <span class='ocrx_word' id='word_1_17' title='bbox 449 245 530 288; x_wconf 86' lang='lat' dir='ltr'>equum</span> <span class='ocrx_word' id='word_1_18' title='bbox 541 244 634 286; x_wconf 80' lang='lat' dir='ltr'>segnem</span> <span class='ocrx_word' id='word_1_19' title='bbox 645 244 686 286; x_wconf 91' lang='lat' dir='ltr'>pro</span> <span class='ocrx_word' id='word_1_20' title='bbox 696 244 735 285; x_wconf 84' lang='lat' dir='ltr'>ge·</span> 
     </span>
     <span class='ocr_line' id='line_1_4' title="bbox 50 289 739 347; baseline 0 -14"><span class='ocrx_word' id='word_1_21' title='bbox 50 304 140 345; x_wconf 87' lang='lat' dir='ltr'>neroso,</span> <span class='ocrx_word' id='word_1_22' title='bbox 161 289 246 334; x_wconf 88' lang='lat' dir='ltr'>animal</span> <span class='ocrx_word' id='word_1_23' title='bbox 256 289 371 335; x_wconf 88' lang='lat' dir='ltr'>infirmum</span> <span class='ocrx_word' id='word_1_24' title='bbox 390 305 431 347; x_wconf 88' lang='lat' dir='ltr'>pro</span> <span class='ocrx_word' id='word_1_25' title='bbox 448 305 510 344; x_wconf 86' lang='lat' dir='ltr'>sanc,</span> <span class='ocrx_word' id='word_1_26' title='bbox 523 291 610 335; x_wconf 84' lang='lat' dir='ltr'>semina</span> <span class='ocrx_word' id='word_1_27' title='bbox 628 290 739 346; x_wconf 85' lang='lat' dir='ltr'>corrupta</span> 
     </span>
     <span class='ocr_line' id='line_1_5' title="bbox 50 349 736 407; baseline -0.003 -13"><span class='ocrx_word' id='word_1_28' title='bbox 50 363 92 407; x_wconf 87' lang='lat' dir='ltr'>pro</span> <span class='ocrx_word' id='word_1_29' title='bbox 104 350 243 403; x_wconf 71' lang='lat' dir='ltr'>recentibus,</span> <span class='ocrx_word' id='word_1_30' title='bbox 254 350 333 394; x_wconf 84' lang='lat' dir='ltr'>carnes</span> <span class='ocrx_word' id='word_1_31' title='bbox 346 349 451 406; x_wconf 80' lang='lat' dir='ltr'>iniectas,</span> <span class='ocrx_word' id='word_1_32' title='bbox 464 365 529 394; x_wconf 85' lang='lat' dir='ltr'>ovem</span> <span class='ocrx_word' id='word_1_33' title='bbox 539 350 675 402; x_wconf 79' lang='lat' dir='ltr'>morbidam,</span> <span class='ocrx_word' id='word_1_34' title='bbox 691 364 736 404; x_wconf 82' lang='lat' dir='ltr'>qna</span> 
     </span>
     <span class='ocr_line' id='line_1_6' title="bbox 21 406 777 471; baseline 0 -19"><span class='ocrx_word' id='word_1_35' title='bbox 21 464 23 471; x_wconf 14' lang='grc' dir='ltr'>χ</span> <span class='ocrx_word' id='word_1_36' title='bbox 51 421 109 465; x_wconf 87' lang='lat' dir='ltr'>grex</span> <span class='ocrx_word' id='word_1_37' title='bbox 129 406 252 462; x_wconf 87' lang='lat' dir='ltr'>inficiatur,</span> <span class='ocrx_word' id='word_1_38' title='bbox 273 409 335 465; x_wconf 85' lang='lat' dir='ltr'>ligna</span> <span class='ocrx_word' id='word_1_39' title='bbox 346 408 438 464; x_wconf 87' lang='lat' dir='ltr'>vitiosa,</span> <span class='ocrx_word' id='word_1_40' title='bbox 460 410 517 453; x_wconf 87' lang='lat' dir='ltr'>unde</span> <span class='ocrx_word' id='word_1_41' title='bbox 536 409 595 453; x_wconf 77' lang='lat' dir='ltr'>aedes</span> <span class='ocrx_word' id='word_1_42' title='bbox 617 411 733 462; x_wconf 87' lang='lat' dir='ltr'>corruant,</span> <span class='ocrx_word' id='word_1_43' title='bbox 776 411 777 414; x_wconf 76' lang='grc'>’</span> 
     </span>
     <span class='ocr_line' id='line_1_7' title="bbox 51 467 769 525; baseline -0.003 -12"><span class='ocrx_word' id='word_1_44' title='bbox 51 470 132 513; x_wconf 87' lang='lat' dir='ltr'>bovem</span> <span class='ocrx_word' id='word_1_45' title='bbox 144 472 222 524; x_wconf 89' lang='lat' dir='ltr'>aptum</span> <span class='ocrx_word' id='word_1_46' title='bbox 234 467 323 523; x_wconf 87' lang='lat' dir='ltr'>quidem</span> <span class='ocrx_word' id='word_1_47' title='bbox 343 469 371 512; x_wconf 90' lang='lat' dir='ltr'>ad</span> <span class='ocrx_word' id='word_1_48' title='bbox 388 470 516 524; x_wconf 84' lang='lat' dir='ltr'>macellum,</span> <span class='ocrx_word' id='word_1_49' title='bbox 536 470 637 525; x_wconf 89' lang='lat' dir='ltr'>ineptum</span> <span class='ocrx_word' id='word_1_50' title='bbox 657 473 734 512; x_wconf 90' lang='lat' dir='ltr'>tamen</span> <span class='ocrx_word' id='word_1_51' title='bbox 768 499 769 502; x_wconf 18' lang='grc' dir='ltr'>η</span> 
     </span>
     <span class='ocr_line' id='line_1_8' title="bbox 50 527 736 584; baseline -0.001 -10"><span class='ocrx_word' id='word_1_52' title='bbox 50 530 80 574; x_wconf 87' lang='lat' dir='ltr'>ad</span> <span class='ocrx_word' id='word_1_53' title='bbox 90 530 201 581; x_wconf 87' lang='lat' dir='ltr'>aratrum,</span> <span class='ocrx_word' id='word_1_54' title='bbox 208 541 259 572; x_wconf 91' lang='lat' dir='ltr'>cum</span> <span class='ocrx_word' id='word_1_55' title='bbox 267 528 294 571; x_wconf 88' lang='lat' dir='ltr'>ad</span> <span class='ocrx_word' id='word_1_56' title='bbox 304 528 345 573; x_wconf 88' lang='lat' dir='ltr'>hoc</span> <span class='ocrx_word' id='word_1_57' title='bbox 356 528 428 584; x_wconf 86' lang='lat' dir='ltr'>quaeri</span> <span class='ocrx_word' id='word_1_58' title='bbox 436 530 530 583; x_wconf 87' lang='lat' dir='ltr'>sciatur,</span> <span class='ocrx_word' id='word_1_59' title='bbox 542 532 585 574; x_wconf 87' lang='lat' dir='ltr'>etc.</span> <span class='ocrx_word' id='word_1_60' title='bbox 598 527 651 573; x_wconf 90' lang='lat' dir='ltr'>Dixi</span> <span class='ocrx_word' id='word_1_61' title='bbox 661 528 680 572; x_wconf 88' lang='grc' dir='ltr'>Ι,</span> <span class='ocrx_word' id='word_1_62' title='bbox 698 527 736 575; x_wconf 79' lang='lat' dir='ltr'>Vt-</span> 
     </span>
     <span class='ocr_line' id='line_1_9' title="bbox 51 587 734 643; baseline -0.007 -7"><span class='ocrx_word' id='word_1_63' title='bbox 51 589 111 636; x_wconf 80' lang='lat' dir='ltr'>tittm</span> <span class='ocrx_word' id='word_1_64' title='bbox 130 588 251 634; x_wconf 80' lang='lat' dir='ltr'>occultunt.</span> <span class='ocrx_word' id='word_1_65' title='bbox 264 587 325 632; x_wconf 92' lang='lat' dir='ltr'>Nam</span> <span class='ocrx_word' id='word_1_66' title='bbox 335 592 440 643; x_wconf 84' lang='lat' dir='ltr'>apertum</span> <span class='ocrx_word' id='word_1_67' title='bbox 451 597 474 634; x_wconf 87' lang='lat' dir='ltr'>et</span> <span class='ocrx_word' id='word_1_68' title='bbox 486 590 631 634; x_wconf 82' lang='lat' dir='ltr'>manifestum</span> <span class='ocrx_word' id='word_1_69' title='bbox 643 589 734 642; x_wconf 86' lang='lat' dir='ltr'>regula-</span> 
     </span>
     <span class='ocr_line' id='line_1_10' title="bbox 51 647 733 704; baseline -0.003 -11"><span class='ocrx_word' id='word_1_70' title='bbox 51 649 109 693; x_wconf 82' lang='lat' dir='ltr'>riter</span> <span class='ocrx_word' id='word_1_71' title='bbox 126 661 169 691; x_wconf 91' lang='lat' dir='ltr'>non</span> <span class='ocrx_word' id='word_1_72' title='bbox 190 650 281 690; x_wconf 88' lang='lat' dir='ltr'>tenetur</span> <span class='ocrx_word' id='word_1_73' title='bbox 296 648 402 690; x_wconf 86' lang='lat' dir='ltr'>venditor</span> <span class='ocrx_word' id='word_1_74' title='bbox 416 649 571 704; x_wconf 79' lang='lat' dir='ltr'>manifestare,</span> <span class='ocrx_word' id='word_1_75' title='bbox 586 650 625 693; x_wconf 87' lang='lat' dir='ltr'>sed</span> <span class='ocrx_word' id='word_1_76' title='bbox 643 647 733 702; x_wconf 80' lang='lat' dir='ltr'>sufficit,</span> 
     </span>
     <span class='ocr_line' id='line_1_11' title="bbox 51 704 735 768; baseline -0.003 -16"><span class='ocrx_word' id='word_1_77' title='bbox 51 709 112 764; x_wconf 78' lang='lat' dir='ltr'>quod&#39;</span> <span class='ocrx_word' id='word_1_78' title='bbox 130 706 237 768; x_wconf 83' lang='lat' dir='ltr'>pretium,</span> <span class='ocrx_word' id='word_1_79' title='bbox 249 706 283 749; x_wconf 91' lang='lat' dir='ltr'>uti</span> <span class='ocrx_word' id='word_1_80' title='bbox 298 707 372 760; x_wconf 90' lang='lat' dir='ltr'>debet,</span> <span class='ocrx_word' id='word_1_81' title='bbox 392 707 513 751; x_wconf 85' lang='lat' dir='ltr'>imminuat</span> <span class='ocrx_word' id='word_1_82' title='bbox 524 704 571 766; x_wconf 64' lang='lat'>(1),</span> <span class='ocrx_word' id='word_1_83' title='bbox 585 709 638 765; x_wconf 88' lang='lat' dir='ltr'>quia</span> <span class='ocrx_word' id='word_1_84' title='bbox 652 708 735 750; x_wconf 82' lang='lat' dir='ltr'>uitium</span> 
     </span>
     <span class='ocr_line' id='line_1_12' title="bbox 50 765 744 823; baseline 0 -13"><span class='ocrx_word' id='word_1_85' title='bbox 50 767 195 811; x_wconf 82' lang='lat' dir='ltr'>manifestum</span> <span class='ocrx_word' id='word_1_86' title='bbox 211 765 316 809; x_wconf 85' lang='lat' dir='ltr'>censetur</span> <span class='ocrx_word' id='word_1_87' title='bbox 330 768 408 810; x_wconf 90' lang='lat' dir='ltr'>notum</span> <span class='ocrx_word' id='word_1_88' title='bbox 429 767 539 823; x_wconf 87' lang='lat' dir='ltr'>emptori;</span> <span class='ocrx_word' id='word_1_89' title='bbox 551 774 582 821; x_wconf 89' lang='lat' dir='ltr'>et,</span> <span class='ocrx_word' id='word_1_90' title='bbox 596 767 615 812; x_wconf 88' lang='lat' dir='ltr'>si</span> <span class='ocrx_word' id='word_1_91' title='bbox 637 781 681 810; x_wconf 90' lang='lat' dir='ltr'>non</span> <span class='ocrx_word' id='word_1_92' title='bbox 693 768 744 810; x_wconf 58' lang='lat' dir='ltr'>ad-&gt;</span> 
     </span>
     <span class='ocr_line' id='line_1_13' title="bbox 1 825 736 886; baseline -0.003 -14"><span class='ocrx_word' id='word_1_93' title='bbox 1 843 3 845; x_wconf 87' lang='lat'>·</span> <span class='ocrx_word' id='word_1_94' title='bbox 49 825 134 881; x_wconf 79' lang='lat' dir='ltr'>vertat,</span> <span class='ocrx_word' id='word_1_95' title='bbox 148 825 190 868; x_wconf 90' lang='lat' dir='ltr'>sibi</span> <span class='ocrx_word' id='word_1_96' title='bbox 199 825 313 886; x_wconf 84' lang='lat' dir='ltr'>imputare</span> <span class='ocrx_word' id='word_1_97' title='bbox 324 826 397 870; x_wconf 88' lang='lat' dir='ltr'>debet.</span> <span class='ocrx_word' id='word_1_98' title='bbox 410 825 506 884; x_wconf 82' lang='lat' dir='ltr'>Excipe,</span> <span class='ocrx_word' id='word_1_99' title='bbox 517 826 561 869; x_wconf 90' lang='lat' dir='ltr'>nisi</span> <span class='ocrx_word' id='word_1_100' title='bbox 573 829 662 883; x_wconf 84' lang='lat' dir='ltr'>emptor</span> <span class='ocrx_word' id='word_1_101' title='bbox 674 829 736 870; x_wconf 84' lang='lat' dir='ltr'>esset</span> 
     </span>
     <span class='ocr_line' id='line_1_14' title="bbox 50 885 735 939; baseline -0.001 -9"><span class='ocrx_word' id='word_1_102' title='bbox 50 887 98 930; x_wconf 87' lang='lat' dir='ltr'>tam</span> <span class='ocrx_word' id='word_1_103' title='bbox 108 885 171 929; x_wconf 79' lang='lat' dir='ltr'>rudis</span> <span class='ocrx_word' id='word_1_104' title='bbox 183 885 206 929; x_wconf 80' lang='lat' dir='ltr'>e&#39;t</span> <span class='ocrx_word' id='word_1_105' title='bbox 216 886 293 939; x_wconf 88' lang='lat' dir='ltr'>hebes,</span> <span class='ocrx_word' id='word_1_106' title='bbox 312 889 338 929; x_wconf 86' lang='lat' dir='ltr'>ut</span> <span class='ocrx_word' id='word_1_107' title='bbox 348 885 469 930; x_wconf 78' lang='lat' dir='ltr'>manifesta</span> <span class='ocrx_word' id='word_1_108' title='bbox 483 886 553 929; x_wconf 86' lang='lat' dir='ltr'>etiam</span> <span class='ocrx_word' id='word_1_109' title='bbox 564 888 623 931; x_wconf 85' lang='lat' dir='ltr'>vitia</span> <span class='ocrx_word' id='word_1_110' title='bbox 641 901 684 929; x_wconf 93' lang='lat' dir='ltr'>non</span> <span class='ocrx_word' id='word_1_111' title='bbox 697 901 735 929; x_wconf 91' lang='lat' dir='ltr'>no-</span> 
     </span>
     <span class='ocr_line' id='line_1_15' title="bbox 49 943 740 1002; baseline -0.001 -12"><span class='ocrx_word' id='word_1_112' title='bbox 49 948 111 993; x_wconf 88' lang='lat' dir='ltr'>taret</span> <span class='ocrx_word' id='word_1_113' title='bbox 121 943 193 989; x_wconf 79' lang='lat' dir='ltr'>:tnn&#39;o</span> <span class='ocrx_word' id='word_1_114' title='bbox 201 944 260 988; x_wconf 83' lang='lat' dir='ltr'>enim</span> <span class='ocrx_word' id='word_1_115' title='bbox 271 945 403 988; x_wconf 81' lang='lat' dir='ltr'>censeretur</span> <span class='ocrx_word' id='word_1_116' title='bbox 412 948 518 1002; x_wconf 88' lang='lat' dir='ltr'>respectu</span> <span class='ocrx_word' id='word_1_117' title='bbox 533 945 595 990; x_wconf 89' lang='lat' dir='ltr'>illius</span> <span class='ocrx_word' id='word_1_118' title='bbox 611 946 740 1002; x_wconf 56' lang='lat' dir='ltr'>occultum„</span> 
     </span>
     <span class='ocr_line' id='line_1_16' title="bbox 15 1004 734 1065; baseline -0.003 -14"><span class='ocrx_word' id='word_1_119' title='bbox 15 1028 16 1031; x_wconf 39' lang='lat'>¹</span> <span class='ocrx_word' id='word_1_120' title='bbox 49 1005 106 1060; x_wconf 88' lang='lat' dir='ltr'>Imo,</span> <span class='ocrx_word' id='word_1_121' title='bbox 116 1004 136 1050; x_wconf 82' lang='lat' dir='ltr'>si</span> <span class='ocrx_word' id='word_1_122' title='bbox 144 1006 233 1065; x_wconf 85' lang='lat' dir='ltr'>emptor</span> <span class='ocrx_word' id='word_1_123' title='bbox 244 1004 313 1049; x_wconf 83' lang='lat' dir='ltr'>etiam</span> <span class='ocrx_word' id='word_1_124' title='bbox 324 1019 367 1049; x_wconf 91' lang='lat' dir='ltr'>non</span> <span class='ocrx_word' id='word_1_125' title='bbox 378 1005 455 1060; x_wconf 89' lang='lat' dir='ltr'>hebes,</span> <span class='ocrx_word' id='word_1_126' title='bbox 468 1008 586 1049; x_wconf 75' lang='lat' dir='ltr'>notaretur</span> <span class='ocrx_word' id='word_1_127' title='bbox 597 1019 641 1049; x_wconf 93' lang='lat' dir='ltr'>non</span> <span class='ocrx_word' id='word_1_128' title='bbox 653 1006 734 1049; x_wconf 83' lang='lat' dir='ltr'>adver·</span> 
     </span>
     <span class='ocr_line' id='line_1_17' title="bbox 49 1064 734 1120; baseline -0.001 -12"><span class='ocrx_word' id='word_1_129' title='bbox 49 1064 239 1120; x_wconf 64' lang='lat' dir='ltr'>tere&#39;vitiumipsi</span> <span class='ocrx_word' id='word_1_130' title='bbox 247 1066 406 1120; x_wconf 76' lang='lat' dir='ltr'>periculosum,</span> <span class='ocrx_word' id='word_1_131' title='bbox 414 1068 532 1108; x_wconf 88' lang='lat' dir='ltr'>teneretur</span> <span class='ocrx_word' id='word_1_132' title='bbox 539 1066 654 1117; x_wconf 89' lang='lat' dir='ltr'>venditor,</span> <span class='ocrx_word' id='word_1_133' title='bbox 664 1066 734 1107; x_wconf 83' lang='lat' dir='ltr'>etiam</span> 
     </span>
     <span class='ocr_line' id='line_1_18' title="bbox 10 1121 735 1182; baseline -0.003 -14"><span class='ocrx_word' id='word_1_134' title='bbox 10 1121 12 1123; x_wconf 62' lang='grc'><strong><em>’</em></strong></span> <span class='ocrx_word' id='word_1_135' title='bbox 50 1138 94 1168; x_wconf 89' lang='lat' dir='ltr'>uon</span> <span class='ocrx_word' id='word_1_136' title='bbox 105 1122 212 1180; x_wconf 73' lang='lat' dir='ltr'>rogatus,</span> <span class='ocrx_word' id='word_1_137' title='bbox 221 1126 223 1128; x_wconf 82' lang='grc'><strong>’</strong></span> <span class='ocrx_word' id='word_1_138' title='bbox 231 1123 254 1166; x_wconf 86' lang='lat' dir='ltr'>id</span> <span class='ocrx_word' id='word_1_139' title='bbox 263 1122 418 1167; x_wconf 63' lang='lat' dir='ltr'>&#39;maiiiiesta&#39;re</span> <span class='ocrx_word' id='word_1_140' title='bbox 429 1123 477 1182; x_wconf 78' lang='lat'>(2);</span> <span class='ocrx_word' id='word_1_141' title='bbox 495 1124 548 1179; x_wconf 87' lang='lat' dir='ltr'>qnia</span> <span class='ocrx_word' id='word_1_142' title='bbox 569 1123 691 1167; x_wconf 78' lang='lat' dir='ltr'>sinceritas</span> <span class='ocrx_word' id='word_1_143' title='bbox 710 1123 735 1167; x_wconf 93' lang='lat' dir='ltr'>in</span> 
     </span>
     <span class='ocr_line' id='line_1_19' title="bbox 49 1182 733 1242; baseline -0.004 -13"><span class='ocrx_word' id='word_1_144' title='bbox 49 1184 203 1242; x_wconf 83' lang='lat' dir='ltr'>contractibus</span> <span class='ocrx_word' id='word_1_145' title='bbox 216 1182 308 1231; x_wconf 84' lang='lat' dir='ltr'>videtur</span> <span class='ocrx_word' id='word_1_146' title='bbox 323 1184 346 1227; x_wconf 92' lang='lat' dir='ltr'>id</span> <span class='ocrx_word' id='word_1_147' title='bbox 366 1184 467 1239; x_wconf 84' lang='lat' dir='ltr'>exigere,</span> <span class='ocrx_word' id='word_1_148' title='bbox 487 1186 515 1233; x_wconf 54' lang='lat' dir='ltr'>et,</span> <span class='ocrx_word' id='word_1_149' title='bbox 530 1183 646 1228; x_wconf 87' lang='lat' dir='ltr'>silentium</span> <span class='ocrx_word' id='word_1_150' title='bbox 666 1183 733 1236; x_wconf 85' lang='lat' dir='ltr'>illud,</span> 
     </span>
     <span class='ocr_line' id='line_1_20' title="bbox 50 1242 735 1300; baseline 0 -12"><span class='ocrx_word' id='word_1_151' title='bbox 50 1243 188 1300; x_wconf 88' lang='lat' dir='ltr'>emptionem</span> <span class='ocrx_word' id='word_1_152' title='bbox 196 1242 282 1288; x_wconf 81' lang='lat' dir='ltr'>faceret</span> <span class='ocrx_word' id='word_1_153' title='bbox 293 1243 391 1300; x_wconf 85' lang='lat' dir='ltr'>emptori</span> <span class='ocrx_word' id='word_1_154' title='bbox 402 1243 588 1297; x_wconf 85' lang='lat' dir='ltr'>involuntariam.</span> <span class='ocrx_word' id='word_1_155' title='bbox 601 1243 666 1287; x_wconf 82' lang='lat' dir='ltr'>idem</span> <span class='ocrx_word' id='word_1_156' title='bbox 678 1242 735 1288; x_wconf 88' lang='lat' dir='ltr'>dicit</span> 
     </span>
     <span class='ocr_line' id='line_1_21' title="bbox 49 1300 734 1358; baseline -0.004 -10"><span class='ocrx_word' id='word_1_157' title='bbox 49 1305 165 1358; x_wconf 84' lang='lat' dir='ltr'>Valentia,</span> <span class='ocrx_word' id='word_1_158' title='bbox 174 1302 252 1357; x_wconf 87' lang='lat' dir='ltr'>etalii,</span> <span class='ocrx_word' id='word_1_159' title='bbox 264 1303 283 1346; x_wconf 89' lang='lat' dir='ltr'>si</span> <span class='ocrx_word' id='word_1_160' title='bbox 289 1304 371 1346; x_wconf 88' lang='lat' dir='ltr'>vitium</span> <span class='ocrx_word' id='word_1_161' title='bbox 380 1300 514 1347; x_wconf 84' lang='lat' dir='ltr'>adversetur</span> <span class='ocrx_word' id='word_1_162' title='bbox 521 1303 643 1346; x_wconf 88' lang='lat' dir='ltr'>intentioni</span> <span class='ocrx_word' id='word_1_163' title='bbox 649 1303 734 1346; x_wconf 86' lang='lat' dir='ltr'>actuali</span> 
     </span>
     <span class='ocr_line' id='line_1_22' title="bbox 49 1362 734 1419; baseline -0.004 -11"><span class='ocrx_word' id='word_1_164' title='bbox 49 1364 157 1419; x_wconf 74' lang='lat' dir='ltr'>ementis,</span> <span class='ocrx_word' id='word_1_165' title='bbox 170 1363 224 1419; x_wconf 88' lang='lat' dir='ltr'>quia</span> <span class='ocrx_word' id='word_1_166' title='bbox 233 1362 301 1418; x_wconf 79' lang='lat' dir='ltr'>hujus</span> <span class='ocrx_word' id='word_1_167' title='bbox 310 1362 397 1406; x_wconf 85' lang='lat' dir='ltr'>incuria</span> <span class='ocrx_word' id='word_1_168' title='bbox 407 1376 451 1406; x_wconf 92' lang='lat' dir='ltr'>non</span> <span class='ocrx_word' id='word_1_169' title='bbox 461 1363 500 1406; x_wconf 89' lang='lat' dir='ltr'>dat</span> <span class='ocrx_word' id='word_1_170' title='bbox 509 1362 548 1418; x_wconf 78' lang='lat' dir='ltr'>jus</span> <span class='ocrx_word' id='word_1_171' title='bbox 559 1362 681 1419; x_wconf 72' lang='lat' dir='ltr'>vendenti,</span> <span class='ocrx_word' id='word_1_172' title='bbox 693 1375 734 1405; x_wconf 88' lang='lat' dir='ltr'>nec</span> 
     </span>
     <span class='ocr_line' id='line_1_23' title="bbox 49 1420 734 1479; baseline -0.001 -11"><span class='ocrx_word' id='word_1_173' title='bbox 49 1425 103 1468; x_wconf 85' lang='lat' dir='ltr'>ideo</span> <span class='ocrx_word' id='word_1_174' title='bbox 119 1423 203 1479; x_wconf 82' lang='lat' dir='ltr'>eruptio</span> <span class='ocrx_word' id='word_1_175' title='bbox 223 1422 352 1467; x_wconf 87' lang='lat' dir='ltr'>voluntaria</span> <span class='ocrx_word' id='word_1_176' title='bbox 371 1426 406 1466; x_wconf 88' lang='lat' dir='ltr'>est</span> <span class='ocrx_word' id='word_1_177' title='bbox 426 1422 508 1479; x_wconf 86' lang='lat' dir='ltr'>magis.</span> <span class='ocrx_word' id='word_1_178' title='bbox 528 1423 580 1466; x_wconf 84' lang='lat' dir='ltr'>Dixi</span> <span class='ocrx_word' id='word_1_179' title='bbox 600 1422 623 1466; x_wconf 77' lang='lat'>2.</span> <span class='ocrx_word' id='word_1_180' title='bbox 646 1420 734 1470; x_wconf 80' lang='lat' dir='ltr'>Vitittnt</span> 
     </span>
     <span class='ocr_line' id='line_1_24' title="bbox 48 1481 746 1543; baseline -0.004 -15"><span class='ocrx_word' id='word_1_181' title='bbox 48 1495 126 1543; x_wconf 73' lang='lat' dir='ltr'>prore.</span> <span class='ocrx_word' id='word_1_182' title='bbox 139 1483 199 1527; x_wconf 90' lang='lat' dir='ltr'>Nam</span> <span class='ocrx_word' id='word_1_183' title='bbox 210 1481 291 1526; x_wconf 87' lang='lat' dir='ltr'>vitium</span> <span class='ocrx_word' id='word_1_184' title='bbox 311 1482 423 1525; x_wconf 86' lang='lat' dir='ltr'>occultum</span> <span class='ocrx_word' id='word_1_185' title='bbox 434 1481 580 1534; x_wconf 82' lang='lat' dir='ltr'>accidentale,</span> <span class='ocrx_word' id='word_1_186' title='bbox 594 1481 613 1525; x_wconf 91' lang='lat' dir='ltr'>si</span> <span class='ocrx_word' id='word_1_187' title='bbox 631 1483 680 1524; x_wconf 91' lang='lat' dir='ltr'>rem</span> <span class='ocrx_word' id='word_1_188' title='bbox 690 1484 746 1532; x_wconf 84' lang='lat' dir='ltr'>non</span> 
     </span>
     <span class='ocr_line' id='line_1_25' title="bbox 49 1540 734 1597; baseline -0.003 -10"><span class='ocrx_word' id='word_1_189' title='bbox 49 1544 129 1587; x_wconf 86' lang='lat' dir='ltr'>reddat</span> <span class='ocrx_word' id='word_1_190' title='bbox 140 1542 240 1595; x_wconf 79' lang='lat' dir='ltr'>noxiam,</span> <span class='ocrx_word' id='word_1_191' title='bbox 249 1555 290 1585; x_wconf 90' lang='lat' dir='ltr'>nec</span> <span class='ocrx_word' id='word_1_192' title='bbox 297 1542 456 1597; x_wconf 86' lang='lat' dir='ltr'>periculosam,</span> <span class='ocrx_word' id='word_1_193' title='bbox 465 1554 506 1585; x_wconf 88' lang='lat' dir='ltr'>nec</span> <span class='ocrx_word' id='word_1_194' title='bbox 518 1540 649 1585; x_wconf 84' lang='lat' dir='ltr'>notabiliter</span> <span class='ocrx_word' id='word_1_195' title='bbox 658 1541 734 1585; x_wconf 88' lang='lat' dir='ltr'>minus</span> 
     </span>
     <span class='ocr_line' id='line_1_26' title="bbox 2 1600 731 1655; baseline -0.003 -9"><span class='ocrx_word' id='word_1_196' title='bbox 2 1622 5 1625; x_wconf 47' lang='grc'><strong>“</strong></span> <span class='ocrx_word' id='word_1_197' title='bbox 49 1601 137 1655; x_wconf 89' lang='lat' dir='ltr'>utilem,</span> <span class='ocrx_word' id='word_1_198' title='bbox 150 1616 194 1645; x_wconf 89' lang='lat' dir='ltr'>non</span> <span class='ocrx_word' id='word_1_199' title='bbox 205 1604 296 1645; x_wconf 90' lang='lat' dir='ltr'>tenetur</span> <span class='ocrx_word' id='word_1_200' title='bbox 307 1601 413 1644; x_wconf 86' lang='lat' dir='ltr'>venditor</span> <span class='ocrx_word' id='word_1_201' title='bbox 428 1601 583 1655; x_wconf 85' lang='lat' dir='ltr'>manifestare,</span> <span class='ocrx_word' id='word_1_202' title='bbox 599 1601 643 1644; x_wconf 89' lang='lat' dir='ltr'>nisi</span> <span class='ocrx_word' id='word_1_203' title='bbox 655 1600 731 1644; x_wconf 85' lang='lat' dir='ltr'>inter-</span> 
     </span>
     <span class='ocr_line' id='line_1_27' title="bbox 49 1660 715 1719; baseline -0.003 -13"><span class='ocrx_word' id='word_1_204' title='bbox 49 1667 144 1719; x_wconf 82' lang='lat' dir='ltr'>rogetur</span> <span class='ocrx_word' id='word_1_205' title='bbox 159 1662 187 1705; x_wconf 84' lang='lat' dir='ltr'>de</span> <span class='ocrx_word' id='word_1_206' title='bbox 198 1660 263 1716; x_wconf 89' lang='lat' dir='ltr'>vitio,</span> <span class='ocrx_word' id='word_1_207' title='bbox 284 1665 324 1704; x_wconf 90' lang='lat' dir='ltr'>aut</span> <span class='ocrx_word' id='word_1_208' title='bbox 341 1661 383 1704; x_wconf 90' lang='lat' dir='ltr'>hoc</span> <span class='ocrx_word' id='word_1_209' title='bbox 403 1664 542 1717; x_wconf 80' lang='lat' dir='ltr'>repugnaret</span> <span class='ocrx_word' id='word_1_210' title='bbox 552 1660 592 1705; x_wconf 82' lang='lat' dir='ltr'>fini</span> <span class='ocrx_word' id='word_1_211' title='bbox 604 1664 715 1717; x_wconf 88' lang='lat' dir='ltr'>emptoris</span> 
     </span>
     <span class='ocr_line' id='line_1_28' title="bbox 49 1720 722 1779; baseline 0 -14"><span class='ocrx_word' id='word_1_212' title='bbox 49 1724 103 1779; x_wconf 89' lang='lat' dir='ltr'>qnia</span> <span class='ocrx_word' id='word_1_213' title='bbox 113 1735 157 1765; x_wconf 88' lang='lat' dir='ltr'>non</span> <span class='ocrx_word' id='word_1_214' title='bbox 166 1722 192 1766; x_wconf 87' lang='lat' dir='ltr'>fit</span> <span class='ocrx_word' id='word_1_215' title='bbox 202 1720 286 1775; x_wconf 86' lang='lat' dir='ltr'>injuria</span> <span class='ocrx_word' id='word_1_216' title='bbox 293 1720 399 1776; x_wconf 90' lang='lat' dir='ltr'>emptori,</span> <span class='ocrx_word' id='word_1_217' title='bbox 412 1725 490 1778; x_wconf 90' lang='lat' dir='ltr'>estque</span> <span class='ocrx_word' id='word_1_218' title='bbox 499 1721 583 1777; x_wconf 90' lang='lat' dir='ltr'>emptio</span> <span class='ocrx_word' id='word_1_219' title='bbox 594 1721 722 1777; x_wconf 88' lang='lat' dir='ltr'>simplicite</span> 
     </span>
     <span class='ocr_line' id='line_1_29' title="bbox 49 1780 726 1835; baseline 0 -10"><span class='ocrx_word' id='word_1_220' title='bbox 49 1780 179 1825; x_wconf 87' lang='lat' dir='ltr'>voluntaria</span> <span class='ocrx_word' id='word_1_221' title='bbox 190 1793 195 1824; x_wconf 92' lang='lat'>:</span> <span class='ocrx_word' id='word_1_222' title='bbox 207 1781 288 1824; x_wconf 88' lang='lat' dir='ltr'>debent</span> <span class='ocrx_word' id='word_1_223' title='bbox 299 1781 448 1824; x_wconf 88' lang='lat' dir='ltr'>enimomnes</span> <span class='ocrx_word' id='word_1_224' title='bbox 459 1781 492 1825; x_wconf 89' lang='lat' dir='ltr'>sic</span> <span class='ocrx_word' id='word_1_225' title='bbox 503 1794 552 1824; x_wconf 86' lang='lat' dir='ltr'>esse</span> <span class='ocrx_word' id='word_1_226' title='bbox 564 1780 694 1835; x_wconf 87' lang='lat' dir='ltr'>constituti,</span> <span class='ocrx_word' id='word_1_227' title='bbox 710 1792 726 1825; x_wconf 88' lang='lat' dir='ltr'>u</span> 
     </span>
    </p>
   </div>
   <div class='ocr_carea' id='block_1_3' title="bbox 48 1866 747 2322">
    <p class='ocr_par' dir='ltr' id='par_1_3' title="bbox 82 1866 747 1884">
     <span class='ocr_line' id='line_1_30' title="bbox 82 1866 747 1884; baseline 0.009 -6"><span class='ocrx_word' id='word_1_228' title='bbox 82 1876 84 1878; x_wconf 78' lang='grc'>,</span> <span class='ocrx_word' id='word_1_229' title='bbox 279 1875 280 1880; x_wconf 43' lang='lat' dir='ltr'>t</span> <span class='ocrx_word' id='word_1_230' title='bbox 738 1866 747 1884; x_wconf 54' lang='grc' dir='ltr'>ἵ</span> 
     </span>
    </p>

    <p class='ocr_par' dir='ltr' id='par_1_4' title="bbox 48 1897 738 2275">
     <span class='ocr_line' id='line_1_31' title="bbox 74 1897 737 1947; baseline 0 -12"><span class='ocrx_word' id='word_1_231' title='bbox 74 1898 97 1947; x_wconf 80' lang='lat' dir='ltr'>(l)</span> <span class='ocrx_word' id='word_1_232' title='bbox 107 1911 118 1934; x_wconf 91' lang='lat'>&lt;‹</span> <span class='ocrx_word' id='word_1_233' title='bbox 129 1899 200 1934; x_wconf 72' lang='lat' dir='ltr'>Sibero</span> <span class='ocrx_word' id='word_1_234' title='bbox 213 1898 277 1933; x_wconf 74' lang='lat' dir='ltr'>titium</span> <span class='ocrx_word' id='word_1_235' title='bbox 290 1899 315 1934; x_wconf 90' lang='lat' dir='ltr'>sit</span> <span class='ocrx_word' id='word_1_236' title='bbox 322 1897 443 1944; x_wconf 85' lang='lat' dir='ltr'>manifestum,</span> <span class='ocrx_word' id='word_1_237' title='bbox 457 1904 501 1945; x_wconf 88' lang='lat' dir='ltr'>puta</span> <span class='ocrx_word' id='word_1_238' title='bbox 513 1909 553 1934; x_wconf 86' lang='lat' dir='ltr'>cnm</span> <span class='ocrx_word' id='word_1_239' title='bbox 563 1909 620 1945; x_wconf 83' lang='lat' dir='ltr'>equus</span> <span class='ocrx_word' id='word_1_240' title='bbox 631 1903 658 1933; x_wconf 89' lang='lat' dir='ltr'>est</span> <span class='ocrx_word' id='word_1_241' title='bbox 668 1909 737 1935; x_wconf 86' lang='lat' dir='ltr'>mono-</span> 
     </span>
     <span class='ocr_line' id='line_1_32' title="bbox 50 1945 737 1991; baseline 0 -9"><span class='ocrx_word' id='word_1_242' title='bbox 50 1948 109 1991; x_wconf 78' lang='lat' dir='ltr'>culus,</span> <span class='ocrx_word' id='word_1_243' title='bbox 119 1946 246 1980; x_wconf 71' lang='lat' dir='ltr'>vel&#39;cumusus</span> <span class='ocrx_word' id='word_1_244' title='bbox 256 1945 289 1989; x_wconf 87' lang='lat' dir='ltr'>rei,</span> <span class='ocrx_word' id='word_1_245' title='bbox 303 1946 336 1980; x_wconf 84' lang='lat' dir='ltr'>etsi</span> <span class='ocrx_word' id='word_1_246' title='bbox 348 1955 382 1980; x_wconf 87' lang='lat' dir='ltr'>non</span> <span class='ocrx_word' id='word_1_247' title='bbox 392 1952 479 1991; x_wconf 80' lang='lat' dir='ltr'>competat</span> <span class='ocrx_word' id='word_1_248' title='bbox 492 1946 588 1989; x_wconf 83' lang='lat' dir='ltr'>venditori,</span> <span class='ocrx_word' id='word_1_249' title='bbox 605 1951 663 1990; x_wconf 86' lang='lat' dir='ltr'>potest</span> <span class='ocrx_word' id='word_1_250' title='bbox 677 1952 737 1982; x_wconf 83' lang='lat' dir='ltr'>tamen</span> 
     </span>
     <span class='ocr_line' id='line_1_33' title="bbox 49 1990 738 2037; baseline -0.001 -6"><span class='ocrx_word' id='word_1_251' title='bbox 49 2004 88 2031; x_wconf 87' lang='lat' dir='ltr'>esse</span> <span class='ocrx_word' id='word_1_252' title='bbox 99 1992 208 2028; x_wconf 86' lang='lat' dir='ltr'>conveniens</span> <span class='ocrx_word' id='word_1_253' title='bbox 217 1991 264 2036; x_wconf 87' lang='lat' dir='ltr'>aliis,</span> <span class='ocrx_word' id='word_1_254' title='bbox 274 1998 291 2027; x_wconf 86' lang='lat' dir='ltr'>et</span> <span class='ocrx_word' id='word_1_255' title='bbox 300 1992 316 2027; x_wconf 91' lang='lat' dir='ltr'>si</span> <span class='ocrx_word' id='word_1_256' title='bbox 325 1992 363 2036; x_wconf 85' lang='lat' dir='ltr'>ipse</span> <span class='ocrx_word' id='word_1_257' title='bbox 372 1999 443 2037; x_wconf 88' lang='lat' dir='ltr'>propter</span> <span class='ocrx_word' id='word_1_258' title='bbox 453 1994 556 2037; x_wconf 80' lang='lat' dir='ltr'>hujusmodi</span> <span class='ocrx_word' id='word_1_259' title='bbox 567 1993 631 2028; x_wconf 83' lang='lat' dir='ltr'>uitium</span> <span class='ocrx_word' id='word_1_260' title='bbox 643 1990 738 2030; x_wconf 80' lang='lat' dir='ltr'>subtrahat</span> 
     </span>
     <span class='ocr_line' id='line_1_34' title="bbox 50 2037 737 2087; baseline -0.003 -12"><span class='ocrx_word' id='word_1_261' title='bbox 50 2045 138 2087; x_wconf 76' lang='lat' dir='ltr'>qnantum</span> <span class='ocrx_word' id='word_1_262' title='bbox 147 2042 217 2083; x_wconf 87' lang='lat' dir='ltr'>oportet</span> <span class='ocrx_word' id='word_1_263' title='bbox 225 2037 247 2072; x_wconf 83' lang='lat' dir='ltr'>da</span> <span class='ocrx_word' id='word_1_264' title='bbox 256 2038 320 2082; x_wconf 86' lang='lat' dir='ltr'>pretio,</span> <span class='ocrx_word' id='word_1_265' title='bbox 334 2048 370 2073; x_wconf 88' lang='lat' dir='ltr'>non</span> <span class='ocrx_word' id='word_1_266' title='bbox 383 2044 453 2081; x_wconf 84' lang='lat' dir='ltr'>tenetur</span> <span class='ocrx_word' id='word_1_267' title='bbox 468 2040 491 2075; x_wconf 84' lang='lat' dir='ltr'>ad</span> <span class='ocrx_word' id='word_1_268' title='bbox 504 2039 656 2075; x_wconf 83' lang='lat' dir='ltr'>manifestandum</span> <span class='ocrx_word' id='word_1_269' title='bbox 672 2039 737 2074; x_wconf 85' lang='lat' dir='ltr'>vitium</span> 
     </span>
     <span class='ocr_line' id='line_1_35' title="bbox 48 2084 735 2131; baseline -0.004 -7"><span class='ocrx_word' id='word_1_270' title='bbox 48 2088 83 2129; x_wconf 73' lang='lat' dir='ltr'>rei.</span> <span class='ocrx_word' id='word_1_271' title='bbox 93 2086 136 2131; x_wconf 86' lang='lat' dir='ltr'>qnia</span> <span class='ocrx_word' id='word_1_272' title='bbox 145 2084 190 2119; x_wconf 82' lang='lat' dir='ltr'>forte</span> <span class='ocrx_word' id='word_1_273' title='bbox 200 2089 272 2129; x_wconf 86' lang='lat' dir='ltr'>propter</span> <span class='ocrx_word' id='word_1_274' title='bbox 282 2084 382 2129; x_wconf 87' lang='lat' dir='ltr'>hujusmodi</span> <span class='ocrx_word' id='word_1_275' title='bbox 391 2086 453 2121; x_wconf 84' lang='lat' dir='ltr'>uitium</span> <span class='ocrx_word' id='word_1_276' title='bbox 464 2091 533 2130; x_wconf 81' lang='lat' dir='ltr'>emptor</span> <span class='ocrx_word' id='word_1_277' title='bbox 541 2086 595 2121; x_wconf 82' lang='lat' dir='ltr'>uellet</span> <span class='ocrx_word' id='word_1_278' title='bbox 604 2085 644 2130; x_wconf 92' lang='lat' dir='ltr'>plus</span> <span class='ocrx_word' id='word_1_279' title='bbox 653 2085 735 2121; x_wconf 82' lang='lat' dir='ltr'>subtrahi</span> 
     </span>
     <span class='ocr_line' id='line_1_36' title="bbox 48 2131 738 2179; baseline -0.001 -10"><span class='ocrx_word' id='word_1_280' title='bbox 48 2134 71 2170; x_wconf 86' lang='lat' dir='ltr'>de</span> <span class='ocrx_word' id='word_1_281' title='bbox 82 2133 148 2179; x_wconf 82' lang='lat' dir='ltr'>pretio,</span> <span class='ocrx_word' id='word_1_282' title='bbox 163 2141 217 2177; x_wconf 86' lang='lat' dir='ltr'>quam</span> <span class='ocrx_word' id='word_1_283' title='bbox 233 2135 280 2165; x_wconf 85' lang='lat' dir='ltr'>esset</span> <span class='ocrx_word' id='word_1_284' title='bbox 295 2131 443 2178; x_wconf 65' lang='lat' dir='ltr'>subtrahendum</span> <span class='ocrx_word' id='word_1_285' title='bbox 454 2132 502 2167; x_wconf 90' lang='lat' dir='ltr'>unde</span> <span class='ocrx_word' id='word_1_286' title='bbox 516 2138 575 2176; x_wconf 88' lang='lat' dir='ltr'>potest</span> <span class='ocrx_word' id='word_1_287' title='bbox 590 2132 641 2168; x_wconf 86' lang='lat' dir='ltr'>licite</span> <span class='ocrx_word' id='word_1_288' title='bbox 656 2132 738 2168; x_wconf 81' lang='lat' dir='ltr'>venditor</span> 
     </span>
     <span class='ocr_line' id='line_1_37' title="bbox 49 2176 737 2217; baseline -0.009 0"><span class='ocrx_word' id='word_1_289' title='bbox 49 2178 164 2217; x_wconf 74' lang='lat' dir='ltr'>indemnitati</span> <span class='ocrx_word' id='word_1_290' title='bbox 173 2187 210 2213; x_wconf 72' lang='lat' dir='ltr'>sue</span> <span class='ocrx_word' id='word_1_291' title='bbox 219 2176 312 2212; x_wconf 85' lang='lat' dir='ltr'>consulere</span> <span class='ocrx_word' id='word_1_292' title='bbox 322 2177 386 2214; x_wconf 84' lang='lat' dir='ltr'>uitium</span> <span class='ocrx_word' id='word_1_293' title='bbox 399 2179 427 2216; x_wconf 77' lang='lat' dir='ltr'>rei</span> <span class='ocrx_word' id='word_1_294' title='bbox 441 2180 541 2216; x_wconf 75' lang='lat' dir='ltr'>reticendo.</span> <span class='ocrx_word' id='word_1_295' title='bbox 550 2189 565 2215; x_wconf 60' lang='lat' dir='ltr'>&gt;a</span> <span class='ocrx_word' id='word_1_296' title='bbox 573 2179 592 2215; x_wconf 83' lang='lat' dir='ltr'>S.</span> <span class='ocrx_word' id='word_1_297' title='bbox 607 2179 671 2214; x_wconf 84' lang='lat' dir='ltr'>Thnm.</span> <span class='ocrx_word' id='word_1_298' title='bbox 685 2178 704 2215; x_wconf 83' lang='lat'>2.</span> <span class='ocrx_word' id='word_1_299' title='bbox 714 2179 737 2217; x_wconf 80' lang='grc'>2.</span> 
     </span>
     <span class='ocr_line' id='line_1_38' title="bbox 49 2224 379 2275; baseline -0.003 -12"><span class='ocrx_word' id='word_1_300' title='bbox 49 2239 67 2275; x_wconf 86' lang='lat' dir='ltr'>q.</span> <span class='ocrx_word' id='word_1_301' title='bbox 79 2228 108 2263; x_wconf 78' lang='lat'>77.</span> <span class='ocrx_word' id='word_1_302' title='bbox 119 2237 136 2262; x_wconf 90' lang='lat' dir='ltr'>a.</span> <span class='ocrx_word' id='word_1_303' title='bbox 145 2225 168 2269; x_wconf 76' lang='lat'>3;</span> <span class='ocrx_word' id='word_1_304' title='bbox 181 2224 207 2260; x_wconf 77' lang='lat' dir='ltr'>ef.</span> <span class='ocrx_word' id='word_1_305' title='bbox 218 2224 236 2258; x_wconf 89' lang='lat' dir='ltr'>S.</span> <span class='ocrx_word' id='word_1_306' title='bbox 246 2224 299 2267; x_wconf 84' lang='lat' dir='ltr'>Alph.</span> <span class='ocrx_word' id='word_1_307' title='bbox 311 2224 329 2270; x_wconf 77' lang='lat' dir='ltr'>l,</span> <span class='ocrx_word' id='word_1_308' title='bbox 337 2224 379 2263; x_wconf 83' lang='lat'>823.</span> 
     </span>
    </p>

    <p class='ocr_par' dir='ltr' id='par_1_5' title="bbox 73 2269 335 2322">
     <span class='ocr_line' id='line_1_39' title="bbox 73 2269 335 2322; baseline -0.015 -13"><span class='ocrx_word' id='word_1_309' title='bbox 73 2274 98 2322; x_wconf 70' lang='lat'>(2)</span> <span class='ocrx_word' id='word_1_310' title='bbox 107 2272 134 2310; x_wconf 81' lang='lat' dir='ltr'>Gi.</span> <span class='ocrx_word' id='word_1_311' title='bbox 142 2272 160 2308; x_wconf 87' lang='lat' dir='ltr'>S.</span> <span class='ocrx_word' id='word_1_312' title='bbox 171 2270 255 2322; x_wconf 66' lang='grc' dir='ltr'>ΑΙΡΜ,</span> <span class='ocrx_word' id='word_1_313' title='bbox 264 2269 306 2306; x_wconf 79' lang='lat'>823.</span> <span class='ocrx_word' id='word_1_314' title='bbox 334 2293 335 2296; x_wconf 55' lang='lat'><em>=</em></span> 
     </span>
    </p>
   </div>
   <div class='ocr_carea' id='block_1_4' title="bbox 0 0 794 2464">
    <p class='ocr_par' dir='ltr' id='par_1_6' title="bbox 0 0 794 2464">
     <span class='ocr_line' id='line_1_40' title="bbox 0 0 794 2464; baseline 0 0"><span class='ocrx_word' id='word_1_315' title='bbox 0 0 794 2464; x_wconf 95' lang='lat' dir='ltr'> </span> 
     </span>
    </p>
   </div>
  </div>
 </body>
</html>
