1567 2412
252 78 254 82 ’
271 73 346 119 fraus
358 78 378 126 1³,
392 74 467 116 c'n'rur
482 80 505 116 iv
707 73 737 117 1¹5

53 175 172 219 duceretur
180 174 202 218 in
214 185 314 230 praesens
323 169 447 229 periculum
457 171 542 226 peccati
551 170 660 214 formalis.
672 172 734 215 Diri:

39 247 40 251 ’
53 249 94 292 per
105 248 128 279 se
139 233 262 290 loquend03
274 232 335 289 quia,
348 232 367 276 si
381 232 487 277 veritatis
498 232 597 288 cognitio
609 233 669 274 esset
680 245 736 287 gra·

53 296 106 347 vius
115 294 229 347 obfutura,
246 293 432 337 dissimulandum
450 293 510 336 toret
527 307 541 335 a
552 290 697 345 confessario,
710 305 735 335 ac

52 354 73 399 si
88 367 132 397 non
146 352 282 406 audivisset,
299 355 339 397 aut
354 353 481 405 dicendum,
494 366 549 408 opus
565 364 608 395 non
621 357 674 394 'esse
687 351 735 407 jam

53 414 134 458 dehoc
152 426 232 468 agere,
244 412 337 456 interim
348 426 413 469 posse
424 426 474 455 euna
491 412 575 467 facere,
587 424 631 467 quo
639 410 734 465 judicet,

52 476 124 520 Deum
133 486 176 516 non
188 472 279 527 offendi,
293 474 345 529 quia
356 473 378 516 in
390 473 432 517 tali
441 486 494 516 casu
504 472 668 517 veritatem‘ilii
679 485 735 528 ape-

53 534 99 577 rire
107 536 167 575 esset
179 532 200 574 ei
210 533 327 587 porrigere
338 533 446 588 gladium,
459 546 502 588 quo
521 547 544 575 se
557 531 595 574 vel
606 532 735 586 proximum

52 591 146 649 gravius
157 592 258 634 laederet.
271 593 375 645 Domum,
385 592 404 635 si
416 592 527 647 poenitens
536 592 560 634 in
573 590 680 647 praesenti
691 604 735 634 non

53 651 174 708 dispositus
186 650 214 693 ad
224 651 389 709 suscipiendam
400 666 450 694 cum
468 651 544 694 fructu
561 650 735 693 instructionem

52 715 157 766 speratur
169 711 290 765 dispositus
301 711 350 753 fore
362 711 406 754 alic
418 715 528 767 tompore,
540 711 663 753 differenda
674 713 737 755 esset

19 821 20 824 Ἴ
53 769 180 822 instructio,
194 770 281 827 dicique
292 771 325 813 iili
335 774 411 827 posset
423 783 428 815 :
440 772 500 815 Cave
511 775 612 828 peccata,
626 769 736 815 caeterum

53 831 142 888 operari
152 830 246 886 poteris,
259 831 317 887 quod
326 831 412 875 licitum
424 832 466 885 tibi
477 832 572 875 dictabit
582 831 735 886 conscientia3

53 888 99 936 erit
109 890 165 934 alias
175 891 262 941 occasio
278 891 320 935 tibi
336 891 427 936 uberius
446 891 559 948 loquendi.
575 891 643 935 Ratio
655 891 736 935 horum

53 951 152 994 omnium
164 954 210 1003 est,
223 952 276 1006 quia
293 952 369 994 lumen
388 955 475 995 naturae
492 953 574 1005 dictat,
587 954 611 994 et
627 951 736 995 offensam

53 1010 94 1054 Dei
112 1023 160 1053 esse
175 1011 347 1063 vitandam,ubi
366 1013 450 1067 potest,
463 1014 486 1054 et
503 1024 547 1054 non
563 1023 613 1054 esse
633 1010 737 1054 facienda

53 1069 119 1123 bona,
129 1069 166 1111 vei
182 1069 267 1112 maium
282 1071 356 1113 minus
373 1070 530 1125 avertendum,
543 1069 562 1113 si
578 1069 630 1113 inde
648 1069 737 1125 praevi-

53 1128 149 1171 deantur
158 1131 264 1171 secutura
275 1129 397 1184 graviora3
410 1130 452 1172 hoc
463 1130 523 1172 enim
534 1143 578 1172 non
589 1131 649 1172 esset
658 1142 738 1172 consu·

52 1189 100 1232 lere
115 1189 195 1231 honori
212 1189 288 1232 Deiet
304 1189 372 1232 saluti
388 1190 527 1242 animarum
540 1190 579 1233 sed
594 1189 668 1245 magis
686 1189 737 1233 offl-

52 1262 111 1292 cere.
125 1249 190 1291 Unde
202 1248 260 1291 dixit
270 1252 361 1292 sanctus
369 1248 525 1305 Augustinus?
538 1262 543 1292 :
556 1248 585 1299 ¹Sc'
594 1249 682 1303 scirem,
691 1261 738 1295 aon

54 1306 97 1354 tide'
103 1307 216 1365 prodesse,
226 1320 272 1353 aaa
287 1321 404 1361 coercerem,
416 1321 461 1355 aon
469 1312 490 1355 te
499 1312 612 1355 terrerem.

84 1367 106 1412 8.
117 1394 148 1401 —-
156 1369 226 1425 Resp.
237 1368 278 1413 IV.
289 1369 408 1413 Excitandi
420 1373 472 1413 sunt
482 1372 618 1426 paenitentes
629 1371 657 1413 ad
666 1383 736 1426 agen-

53 1429 104 1471 dam
123 1428 195 1471 vitam
215 1428 371 1480 christianam,
384 1429 477 1484 quisque
499 1430 601 1484 apposite
621 1430 649 1472 ad
669 1442 734 1473 suam

53 1486 202 1544 capacitatem
234 1489 257 1530 et
283 1487 462 1543 (inpositionem.
486 1489 597 1532 Convenit
620 1489 735 1532 cohortarl

53 1559 131 1590 omnes
151 1546 172 1590 1'.
191 1549 217 1590 ut
235 1548 288 1591 ante
307 1547 383 1590 omnia
400 1552 501 1604 pugnent
523 1551 601 1591 contra
618 1551 736 1605 peccatum

52 1615 118 1652 snum
129 1606 230 1651 ‘maxime
250 1607 415 1661 scandaicsurn,
428 1608 580 1664 periculosum
592 1608 737 1665 radicemque

52 1667 157 1720 aliorum,
170 1681 209 1711 seu
219 1666 242 1709 in
252 1668 311 1723 quod
322 1668 463 1723 frequentior
474 1673 508 1712 est
517 1668 602 1724 lapsuS,
615 1670 674 1725 quod
685 1681 736 1712 nra·

53 1725 88 1786 ¹gis
99 1725 167 1771 officit
181 1726 300 1783 profectui,
312 1728 386 1785 magis
401 1729 499 1772 animam
515 1728 627 1785 inquietat
633 1733 643 1783 ;'
652 1728 672 1772 si
683 1728 736 1786 quid

53 1791 132 1832 contra
143 1788 241 1839 eveniat,
254 1787 303 1843 ejus
321 1789 504 1841 emendationem,
517 1802 583 1832 mane
601 1792 625 1832 et
640 1802 737 1845 vespere

52 1847 95 1892 sibi
110 1852 250 1903 proponaut3
264 1847 408 1903 frequentent
419 1851 482 1891 actus
493 1849 644 1901 contritionis,
652 1848 737 1904 implo-

53 1910 129 1952 renta
146 1907 193 1950 Deo
208 1906 315 1962 frequens
334 1907 443 1951 auxilium
462 1922 526 1951 suam
545 1908 702 1952 infirmitatem
713 1911 736 1953 et

52 1966 227 2011 inconstantiam
245 1967 385 2011 confitentes.
398 1967 420 2011 2.
437 1969 468 2011 Ut
480 1968 584 2023 operibus
604 1968 651 2010 suis
670 1981 738 2011 manc

53 2025 173 2083 praefigant
183 2029 277 2070 rectam·
284 2026 331 2069 Deo
340 2026 443 2083 placendi
453 2026 615 2081 intentionemq
628 2027 737 2084 hancper

53 2087 112 2130 diem
124 2088 255 2143 quandoque
266 2089 377 2131 renovent
386 2088 512 2143 praesertim
524 2090 576 2132 ante
588 2087 687 2130 actiones
698 2102 737 2132 no·

52 2146 145 2192 biliores
154 2148 195 2191 aut
204 2146 331 2203 graviores.
341 2147 363 2190 3.
373 2147 408 2190 Ad
419 2147 508 2204 pulsum
519 2146 631 2204 horologii
640 2147 677 2191 vel
689 2162 736 2194 sae-

52 2206 103 2264 pius
122 2219 163 2262 per
177 2206 236 2250 diem
254 2207 400 2251 meminerint
410 2208 529 2264 praesentis
546 2207 588 2253 Dei
605 2220 656 2251 eum
679 2209 736 2253 ado·
779 2239 781 2241 »

52 2267 135 2321 cando,
157 2265 282 2323 laudando,
310 2267 420 2324 amande,
442 2282 483 2325 pro
507 2267 621 2314 beneficiis
648 2269 736 2326 gratias
