1577 2464
67 111 99 156 82
155 124 382 157 Nun-conrussaums
399 124 510 157 Panormi]
526 125 667 159 Insruucrbs
687 121 688 132 ¹

69 225 147 266 nerea,
160 213 265 256 audiente
279 211 439 265 confessiones,
456 213 563 268 chirurgo
574 226 603 255 ex
614 212 694 267 officio,
711 214 750 255 vel

69 271 182 317 charitate
199 272 302 316 medente
317 271 416 325 vulneri,
429 273 452 315 et
469 274 532 316 tactu
545 273 648 326 honesto,
662 275 685 315 et
701 284 752 316 am-

68 333 139 389 plexu
152 331 219 388 juxta
237 343 323 374 morem
336 332 425 387 patriae,
437 330 550 375 locutione
567 332 703 386 necessaria,
716 333 754 375 vel

69 391 130 446 utili,
143 393 237 436 honesta
252 403 303 435 cum
317 390 428 446 faerninis,
441 405 469 434 en
482 392 620 447 equitatione
634 393 703 435 etiam
715 405 755 435 re-

70 451 192 497 creationis
199 463 267 495 causa
276 455 389 508 suscepta,
399 465 427 495 ex
436 451 481 496 situ
493 451 754 510 corporiseommodo',si

70 512 130 557 absit
146 512 261 568 probabile
275 512 401 568 periculum
417 525 548 556 consensus.
561 512 706 555 Suadendum
717 515 755 555 ta-

70 585 131 626 men,
150 574 175 614 ut
185 571 243 615 tales
254 570 354 615 actiones
366 584 410 615 nou
426 572 578 628 suscipiantur
591 572 639 615 sine
650 571 755 615 rationa-

69 632 111 677 bili
122 644 197 684 causa,
210 633 235 674 ut
246 644 272 674 eo
289 631 362 688 magis
377 632 497 675 recedatur
508 632 535 675 ab
553 643 630 675 amore
646 644 753 685 venereo,

15 707 19 710 “
70 695 95 738 et
114 691 213 748 periculo
232 690 317 747 lapsus.
339 691 452 735 Similiter
479 705 523 734 non
548 694 625 747 peccat
650 691 755 747 graviter

70 755 150 797 contra
164 750 302 804 castitatem,
320 751 358 806 qui
374 751 432 795 eitra
450 752 576 807 periculum
591 750 684 795 venerei
702 765 754 794 con-

70 824 150 856 sensus
160 812 228 853 babet
239 811 400 865 cogitationem
412 812 505 854 brevem
516 811 543 854 de
555 824 653 854 venereo
664 810 753 868 objecto

70 885 113 916 uon
126 870 191 915 valde
209 872 271 926 turpi
285 884 314 913 ex
324 884 388 915 mera
405 870 546 926 curiositate,
563 874 602 914 aut
616 884 668 915 cnm
684 870 759 915 semi--

69 933 137 989 plena
148 933 237 974 tantum
248 930 392 974 advertentia
402 932 431 975 ad
438 931 550 975 malitiam
560 944 664 985 gravem,
675 933 755 985 peccat

69 994 147 1035 tamen
158 989 289 1042 venialiter,
300 992 323 1032 et
332 990 458 1045 periculum
469 1002 591 1034 consensus
599 989 692 1034 venerei
700 1002 754 1033 raro

70 1052 149 1104 abest;
171 1048 215 1093 nisi
237 1048 345 1105 cogitatio
365 1049 396 1094 sit
414 1050 530 1106 languida,
551 1062 659 1106 quaestio
677 1049 753 1107 tepido

69 1111 145 1164 modo,
158 1112 182 1152 et
193 1109 265 1153 obiter
277 1110 410 1154 advertente
421 1111 449 1153 ad
459 1111 572 1166 objectum
583 1122 706 1153 venereum
716 1122 755 1165 pa-

70 1183 122 1215 rum
134 1172 283 1213 commoveat.
296 1168 338 1211 His
354 1184 397 1212 nou
409 1171 484 1214 obstat
495 1169 608 1213 sententia
619 1170 753 1224 communis,

70 1232 130 1290 quod
141 1231 164 1273 in
177 1230 275 1272 materia
286 1243 384 1272 venerea
395 1244 438 1274 nou
450 1231 516 1273 detur
526 1230 629 1286 parvitas
640 1231 753 1284 materiae,

70 1289 124 1349 quia
134 1290 272 1344 intelligitur
283 1289 433 1334 delectatione
444 1303 541 1334 venerea
550 1289 586 1332 vel
593 1290 679 1335 directe
688 1290 711 1333 in
720 1301 753 1344 se,

69 1350 109 1395 vel
127 1350 237 1394 indirecte
248 1350 272 1393 in
284 1363 325 1392 sua
340 1363 408 1393 causa
418 1364 460 1406 per
471 1364 496 1393 se
514 1350 602 1392 efficaci
615 1349 696 1403 volita,
713 1353 754 1393 aut

70 1411 195 1465 acceptata.

100 1468 138 1513 72.
152 1494 183 1502 -
195 1470 267 1526 Resp.
279 1468 309 1514 V.
325 1468 351 1513 Si
367 1469 479 1526 poenitens
497 1483 522 1513 se
533 1471 624 1513 accuset
634 1470 661 1513 dc
678 1469 755 1514 verbis

70 1530 184 1585 turpibus,
200 1529 317 1584 explicare
331 1529 398 1573 debet
412 1542 477 1573 suam
487 1529 645 1582 intentionem,
661 1529 705 1573 vel‘
718 1529 756 1573 af-

70 1590 165 1644 lectum,
188 1590 325 1645 modumque
345 1588 483 1645 proferendi,
504 1592 527 1633 et
549 1602 656 1645 personas
677 1602 754 1634 coram

71 1650 152 1707 quibus
166 1661 171 1692 t
187 1662 240 1693 nam
259 1650 281 1703 l,
294 1649 313 1692 si
332 1662 360 1693 en
375 1649 510 1707 petulantia,
526 1649 629 1703 levitate,
647 1649 685 1693 vel
700 1662 754 1693 rus-

71 1710 161 1755 ticitate
184 1710 232 1754 sine
252 1709 335 1753 affectu
356 1723 453 1753 venereo
475 1709 535 1753 circa
555 1709 682 1754 discursum
703 1723 754 1755 cum

72 1769 132 1823 aliis,
142 1769 180 1812 vel
190 1783 218 1814 ex
226 1769 394 1825 praecipitantia
400 1771 450 1828 quis
460 1770 501 1812 illa
510 1769 620 1826 proferat,
633 1770 754 1814 utfaoiunt

72 1830 204 1888 quandoque
222 1829 322 1874 moribus
339 1842 419 1886 parum
430 1830 523 1882 exculti,
542 1842 617 1886 perse
634 1829 752 1886 lequendc,

72 1894 108 1935 est
124 1890 213 1932 veniale
224 1892 321 1933 tantum.
337 1891 359 1933 2.
376 1890 401 1934 Si
414 1893 491 1933 autem
502 1891 648 1945 proterantur
659 1903 710 1933 oum
721 1889 755 1935 al-

72 1951 134 1994 lectu
148 1961 253 2002 venereo,
266 1951 355 1992 constat
371 1962 398 1993 ex
413 1949 487 2004 dictis,
505 1949 602 1993 mortale
615 1961 665 1992 esse
681 1949 705 1996 in
715 1961 756 1994 so-

71 2008 135 2055 lutis.
144 2008 168 2052 3.
178 2008 203 2050 Si
211 2007 285 2052 animo
291 2008 359 2052 aliam
369 2023 489 2065 personam
498 2007 618 2052 inducendi
626 2009 655 2053 ad
663 2010 754 2066 turpem

72 2071 161 2122 actum,
179 2080 202 2112 v.
223 2080 258 2124 gr.
278 2069 428 2123 concubitum,
450 2071 581 2125 exponenda
599 2071 634 2111 est
651 2081 755 2125 personae

72 2129 180 2188 qualitas.
201 2126 222 2172 4.
239 2127 265 2171 si
281 2128 352 2171 rerba
368 2128 454 2173 tuerint
471 2127 538 2172 valde
552 2127 637 2186 turpia,
655 2130 696 2173 aut
709 2128 755 2174 dis·

73 2187 290 2244 cursusturpiseum
298 2187 357 2241 aliis,
365 2189 522 2246 explicandum
530 2189 755 2245 est,qu0t,etquales

72 2249 159 2295 luerint
177 2260 289 2305 personae,
312 2261 397 2302 coram,
415 2250 454 2291 vel
473 2262 524 2291 cum
545 2250 626 2304 quibus
640 2250 756 2294 discursus

73 2309 173 2365 habitus,
185 2307 238 2366 quia
249 2308 272 2352 in
283 2307 325 2352 hoe
334 2320 388 2353 casu
398 2321 499 2359 praesens
510 2309 636 2366 periculum
646 2310 682 2355 est
691 2322 755 2356 scan-
