1567 2412
757 8 769 42 t,

48 152 184 209 communio,
200 154 240 204 aut
251 154 304 199 sunt
317 152 431 198 lucrandae
445 151 600 210 indulgentiae,
612 165 667 211 quas
684 152 729 199 alio
758 141 759 217 1

48 215 153 270 tempore
160 214 244 257 lucrari
250 226 294 258 non
304 215 392 269 posset;
402 213 585 269 nelpraevidetur
594 213 728 270 periculum,

48 285 77 317 nc
88 275 183 330 cogatur
190 272 269 317 eadem
280 275 372 331 peccata
380 271 448 317 alteri
455 272 566 327 confiteri,
577 272 630 328 quia
638 286 677 329 per
686 273 729 317 hoo

29 359 31 363 .
48 332 158 389 injustum
169 331 204 376 illi
216 345 271 376 onus
285 333 448 388 imponeretur,
462 333 501 376 vei
511 332 614 389 denique,
627 332 646 376 si
657 347 729 390 expo·
759 353 760 383 1

12 418 13 421 =
48 391 542 449 niturpericulomoriendisineabsqutionc‚
553 391 626 436 autad
635 391 728 448 longum

47 452 187 508 tempusnon
195 450 501 510 possetredire.Dixi2⁰:Ad
509 451 570 499 draca
578 453 672 509 tenipus,
681 452 696 497 i.
706 465 727 497 o.
760 480 761 509 1

48 512 78 555 ad
91 511 114 556 8.
127 512 165 556 vel
176 512 243 568 paulo
257 512 333 568 pluras
348 511 395 556 dies
405 510 448 571 (11,
464 511 517 568 quia
528 510 606 555 dilatio
621 511 728 555 diuturna
760 512 761 547 t

49 570 74 615 in
84 570 208 628 poenitente
220 571 328 628 disposito
341 585 383 615 non
404 572 495 616 videtur
505 572 640 628 usurpanda,
659 584 727 627 qrium
761 549 762 632 1

48 629 162 675 incertum
181 632 220 684 sit,
238 635 312 674 utrum
331 631 413 674 habeat
429 631 551 686 perfectam
571 630 729 674 contritionem
755 641 762 685 1

48 692 117 747 atque
129 689 159 734 sit
167 689 290 734 meriturus
301 690 328 734 de
339 689 449 747 condigno
460 690 552 745 aliquid,
565 691 589 733 et
597 703 640 733 non
651 690 730 734 ineur-
761 697 762 702 ’

48 749 245 805 suruspericulum
257 749 415 794 damnationis.
423 749 475 793 Dixi
484 750 521 793 3⁰:
531 747 559 795 du
563 749 675 806 peccattoris
684 762 729 793 aton

48 807 81 853 su
93 807 181 854 orreretur
200 808 302 861 tractam,-
318 807 338 852 si
348 809 408 852 enirn
427 812 487 852 esset
502 809 591 851 omnino
607 809 693 852 invitus
705 814 729 852 et

43 867 137 924 disponi
148 881 192 912 nou
201 871 286 925 posset,
296 872 321 912 ut
329 867 490 925 acquiesceret,
499 868 648 913 absolvendus
657 872 727 924 esset,
762 878 764 900 n

48 928 102 984 quia
112 941 176 973 secus
191 931 365 984 exasperaretur
376 932 416 972 aut
430 929 458 971 ad
469 928 538 971 alium
549 930 602 984 iret,
617 930 657 972 aut
667 929 729 972 intra

48 986 118 1031 breve
129 990 218 1044 tempus
233 1001 275 1030 non
292 987 385 1031 rediret.
405 988 511 1031 Ceterum
526 988 554 1041 is,
572 988 608 1031 cui
623 988 729 1031 differtur

47 44 86 97 44'
133 37 362 98 nuouonrussamus
375 48 487 96 sonorior
504 63 644 96 msrnucrus

48 1047 173 1103 absolutio,
186 1047 317 1092 excitandus
333 1050 375 1100 est,
393 1050 418 1091 ut
428 1046 557 1103 frequentet
573 1049 636 1091 actus
651 1046 729 1091 chari*-

19 1143 20 1146 ,
47 1107 104 1151 tatis
120 1111 144 1152 et
163 1107 315 1161 contritionis,
331 1111 358 1150 ut
374 1107 407 1150 ita
426 1108 531 1162 adquirat
549 1106 611 1150 vires
629 1109 729 1165 majores
746 1135 765 1165 1,

19 1212 23 1221 ‚
48 1168 128 1211 contra
144 1167 290 1222 tentationes,
308 1169 334 1211 ut
351 1168 429 1224 postea
445 1167 527 1217 melius>
543 1166 664 1222 dispositus
682 1180 729 1211 am-

47 1227 133 1282 pliores
152 1227 241 1282 gratias
255 1226 363 1283 accipiat,
376 1226 455 1281 quibus
472 1229 630 1282 compensetur
646 1227 729 1282 gratiae
765 1226 766 1292 1

31 1326 33 1328 ,
48 1288 204 1342 augmentum,
215 1286 273 1342 quod
282 1298 346 1330 secus
356 1299 398 1342 per
410 1285 573 1330 absolutionem
586 1285 652 1330 modo
663 1298 730 1330 acce·

47 1346 127 1402 pisset.
144 1346 281 1401 Imponenda
301 1359 387 1402 quoque
402 1346 549 1402 poenitentia,
565 1347 588 1388 et
605 1348 730 1389 monendus
765 1341 766 1375 i

9 1427 13 1430 ·
47 1406 200 1449 necessarium
215 1418 258 1459 non
269 1411 318 1449 esse
329 1407 355 1448 ut
365 1414 457 1461 peccata
468 1406 534 1448 modo
545 1405 656 1461 exposita,
670 1405 689 1449 si
701 1405 729 1448 ad

47 1465 151 1509 eumdem
163 1464 324 1509 confessarium
336 1465 422 1519 redeat,
435 1466 507 1508 denuo
519 1466 666 1517 confiteatur,
684 1478 727 1521 po·

46 1526 94 1568 test
105 1524 165 1567 enim
175 1524 235 1568 idem
242 1523 393 1567 confessarius
404 1525 478 1579 ipsum
488 1523 571 1567 abillis
580 1524 679 1578 peccatis
688 1524 727 1567 ab·
766 1542 768 1606 1

47 1584 146 1639 solvere,
164 1584 207 1628 etsi
223 1597 301 1628 eorum
318 1583 424 1640 distincte
438 1596 482 1626 non
501 1584 641 1638 recordetur,
659 1582 726 1627 modo
767 1607 768 1643 1

47 1643 727 1701 poenitentiamanteimposueritoonvenientem,etaiiquam

48 1705 124 1747 addat.
726 1711 728 1714 ·
767 1706 769 1741 i

77 1763 258 1821 35.-Resp.11.
266 1762 532 1820 Negandaestabsolutio
540 1762 729 1818 illi,quemcons-
768 1747 769 1817 1

47 1822 728 1879 tatesseindispositum.Undenegandaestprimmsipoeni-

46 1886 98 1925 tens
112 1882 170 1926 nolit
179 1884 301 1928 restituere
311 1896 361 1926 rann
373 1882 479 1935 alienam,
492 1885 532 1925 aut
542 1881 674 1924 satisfacere
685 1896 726 1938 pro
769 1877 770 1939 1

47 1942 130 1986 damno
139 1942 203 1986 illato
213 1942 236 1985 in
244 1942 308 1986 bonis
318 1943 425 1996 fortunae,
437 1941 505 1985 famae
514 1943 538 1984 et
548 1940 648 1994 honoris,
659 1954 727 1997 quum

46 2002 127 2058 possit.
141 2001 204 2050 Quod
214 2002 280 2056 addo,
292 2002 345 2057 quia
355 2002 375 2046 si
385 2001 455 2045 modo>
466 2013 510 2044 non
521 1999 600 2057 possit,
613 2000 668 2045 satis
682 2003 726 2058 est,
769 2013 771 2064 1

47 2062 67 2105 si
83 2062 166 2106 habeat
181 2060 320 2106 voluntatem
339 2061 364 2106 id
381 2060 490 2115 faciendi,
510 2061 666 2117 spondeatque
682 2060 728 2105 fac·
770 2067 771 2121 1

70 2205 142 2288 111644.
151 2207 172 2243 S.
182 2207 236 2251 Airita.
246 2206 263 2249 6,
274 2205 307 2242 463
317 2211 335 2242 et
345 2206 386 2242 iti.
403 2206 490 2241 salmana.
506 2208 528 2240 tr.
539 2204 569 2241 25.
581 2215 597 2243 c.
607 2206 624 2247 2.
636 2215 654 2250 p.
664 2204 683 2245 2,
693 2208 702 2250 5
711 2205 729 2241 4,
770 2170 772 2260 1

47 2262 65 2289 n.
100 2280 104 2290 .
459 2260 462 2267 ⁸
567 2279 568 2283 ,
604 2268 606 2270 >
696 2285 700 2289 ,
771 2262 772 2296 1
