1577 2464
72 71 137 114 2881
154 64 385 113 nuo-cosrussnmus
401 82 518 114 rancricn
529 80 675 115 nvsrnucrus

73 169 175 215 deuote:
196 170 304 224 gaudium
325 170 464 226 Angelorum
485 182 552 224 super
575 182 618 212 unc
635 172 754 226 peccatore

8 265 9 268 ,
62 229 230 287 ,poenitentiam
242 233 332 286 agente,
345 237 388 274 etc.
407 230 431 273 Si
444 230 480 273 his
492 227 546 272 nihil
557 227 664 285 flectitur,
677 229 754 286 inqui-

20 289 22 292 ’
37 299 38 303 ’
73 293 137 333 ratur
148 302 224 341 causa,
237 303 278 334 cur
289 287 344 334 nolit
354 290 435 333 animae
444 294 489 333 snae
500 288 630 346 consulere,
643 292 666 334 et
677 290 754 335 audita

12 370 13 374 ¹
73 355 223 394 amoveatur:
241 351 387 394 submittatur
401 351 494 405 ainricus,
507 348 612 405 quicum
623 350 715 395 inducat
726 353 754 395 ad

73 410 249 466 confessionem,
262 409 324 467 sique
343 411 434 454 morbus
450 411 479 454 sit
490 409 645 468 periculosior,
657 413 755 455 'moneat

74 486 126 515 eum
137 471 301 524 Confessarius,
321 470 340 513 si
351 472 409 513 forte
421 471 460 513 alii
479 484 522 513 non
540 471 645 524 audeant,
657 472 716 514 serio
727 471 755 514 de

75 531 187 588 periculo,
199 534 224 573 ut
245 529 348 585 disponat
366 529 441 573 domui
463 543 517 573 suae.
532 529 556 572 st
573 530 668 580 necdum
679 531 752 583 cedet,

73 605 124 636 cum
136 590 271 636 discretione
281 589 406 634 adhibenda
421 595 481 645 sunt,
494 603 544 647 quae
556 590 601 633 (lixi
613 603 626 634 a
637 604 698 634 num.
709 589 756 636 206

75 654 102 695 de
113 653 218 695 indurato
229 654 252 693 et
262 651 351 693 volente
363 651 454 693 differre
465 650 635 707 poenitentiam,
648 651 667 695 si
679 655 755 696 autem

73 717 177 766 paratum
188 723 212 754 se
226 710 338 764 ostendat,
355 710 487 767 disponatur
508 712 630 769 secandum
649 711 698 770 jwam
717 710 754 754 di-

31 788 33 790 ·
74 772 150 814 ceiidu.

320 918 462 966 QUAESTIO
473 918 504 961 ll.

69 1017 191 1073 ¹Quomodo
203 1017 318 1074 inficians,
330 1017 406 1063 colens
417 1017 528 1075 confiteri,
541 1016 695 1076 disponendas
708 1019 756 1080 cit?

74 1118 114 1153 ard,
123 1117 229 1153 Excitandus
237 1118 258 1152 ad
269 1117 327 1161 ddcnn,
336 1127 392 1162 spem,
400 1118 510 1154 charitatem.
521 1135 544 1143 —
551 1116 605 1155 Actus
614 1098 661 1154 fidei.
670 1120 755 1155 -Actus

221 1165 266 1209 spei.
277 1184 299 1190 -
309 1166 363 1199 Actus
372 1165 470 1199 charitatis.
482 1184 504 1191 -
514 1165 607 1200 Cantritio.

104 1251 156 1294 210.
169 1275 199 1282 —-
209 1251 278 1306 Resp.
292 1251 311 1294 Ι.
321 1250 476 1294 Confessarius
485 1252 552 1307 juvet
561 1251 684 1305 infirmum,
697 1266 755 1307 prae-

74 1311 162 1363 sertim,
174 1311 192 1352 si
204 1310 241 1353 hic
250 1311 312 1353 radis
321 1309 358 1365 sit,
371 1311 393 1353 in
402 1310 517 1354 eliciendis
526 1311 613 1355 actibus
624 1310 685 1364 fidei,
697 1311 753 1367 spei,

74 1370 202 1422 charitatis,
220 1371 370 1424 contritionis,
390 1374 444 1425 etc,
460 1384 520 1427 saepe
536 1371 596 1413 enim
615 1372 652 1413 vel
668 1372 754 1415 motiva

74 1432 184 1485 nesciunt,
201 1435 240 1473 aut
251 1431 342 1473 morbus
354 1430 457 1486 impedit,
475 1445 518 1486 quo
530 1431 603 1474 inians
618 1431 705 1487 possint
716 1447 754 1476 eos

74 1493 163 1534 elicere.
185 1491 256 1545 Quod,
278 1492 297 1533 si
315 1491 418 1533 infirmus
436 1491 532 1534 debilior
551 1491 588 1545 sit,
610 1493 754 1547 proponenda

23 1608 25 1610 Ι
73 1556 125 1595 sunt
142 1551 176 1595 illi
193 1552 304 1594 credenda
319 1554 342 1595 et
353 1552 464 1606 speranda
479 1565 519 1607 per
530 1551 610 1595 breves
628 1553 754 1607 quaestiun-

73 1613 142 1664 culas,
156 1611 235 1664 quibus
252 1611 356 1653 attendat
370 1615 393 1652 et
409 1611 501 1653 subinde
514 1626 557 1654 uno
567 1612 669 1655 alterove
683 1613 753 1655 verbo

76 1672 215 1725 respondeat,
227 1682 248 1712 c.
261 1681 284 1727 9.
295 1681 340 1726 parc
351 1671 404 1713 ocia
415 1669 468 1725 fidei

104 1730 248 1783 Citarissiine,
260 1735 303 1774 etc.
317 1729 430 1785 Numquid
442 1730 584 1786 credis,quae
593 1729 666 1774 credit
675 1732 697 1774 et
706 1745 753 1773 cre-

77 1792 145 1833 denda
165 1790 269 1845 proponit
289 1791 368 1832 sancta
389 1790 463 1832 Mater
483 1790 593 1843 Ecclesia,
614 1804 673 1846 (puae,
695 1794 753 1835 teste

77 1849 190 1906 Apostolo,
203 1850 307 1892 columna
323 1855 346 1892 et
357 1849 523 1893 firrnamentum
540 1853 575 1895 est
588 1850 701 1905 veritatis,
718 1852 753 1895 cui

77 1911 177 1954 Christus
186 1914 319 1966 perpetuam
331 1909 434 1965 promisit
446 1910 544 1967 Spiritus
557 1910 635 1954 Sancti
643 1910 754 1966 assisten-

76 1971 137 2013 liam.
152 1970 220 2024 Resp.
234 1971 314 2025 Credo.
325 1970 402 2013 Credis
414 1970 493 2026 igitur,
506 1972 565 2026 quod
576 1973 635 2014 Deus
647 1971 677 2014 sit
689 1972 753 2016 Unus

74 2032 94 2072 in
104 2034 186 2072 natura
195 2031 218 2071 et
226 2029 307 2072 Trinus
316 2028 339 2071 in
353 2030 466 2084 personis:
477 2034 634 2074 remunerator
644 2032 753 2075 bonorum
787 2069 788 2072 ,

73 2094 96 2133 ot
105 2089 187 2132 vindex
194 2085 355 2132 malorumtas
362 2088 403 2132 hoc
412 2088 462 2132 ideo
471 2090 553 2144 credis,
561 2090 613 2145 quia
620 2090 679 2132 Deus
686 2090 752 2145 dixit,

73 2151 110 2204 qni
127 2163 167 2192 neo
183 2147 240 2201 falli,
255 2161 294 2191 nec
305 2147 383 2192 fallere
395 2148 484 2206 potest?
500 2150 570 2206 Resp.
587 2149 658 2194 Credo
671 2149 755 2195 firmis-

74 2209 165 2255 sime.N
168 2208 259 2264 nmquid
267 2222 353 2265 quoque
361 2209 506 2267 credisquod
513 2210 573 2254 Deus
583 2209 696 2274 creaverit
703 2224 753 2266 nos,

1 2289 4 2293 ⁴
74 2273 97 2318 et
107 2268 279 2334 conservaverit
289 2269 405 2329 hactenus,
416 2273 441 2318 ut
450 2270 471 2317 ei
482 2271 617 2328 serviamus,
628 2273 651 2317 ct
662 2272 754 2322 tandem
