1577 2464
56 77 103 131 108
141 95 374 129 uuo-conrnssnmus
389 95 501 128 rusorrou
516 81 657 129 1usrnucrus

59 185 143 230 merito
154 185 290 229 censeantur
305 198 349 228 non
359 184 465 228 habuisse
480 182 584 227 affectum
595 180 690 239 malum,
705 184 744 242 ut,

59 246 120 303 quod
146 246 298 302 appreoantur
316 244 401 288 malum
423 243 536 296 eveniret,
556 256 585 287 an
610 243 742 301 frequenter

48 303 229 365 ¹impresenturl
244 308 270 359 ut
287 305 430 359 advertatur,
442 318 470 348 an
481 305 579 347 habeant
594 304 742 349 eonsuetudi-

60 372 121 418 n'em,
138 378 205 420 quam
224 364 294 418 aliqui
304 378 345 420 per
362 365 438 419 plures
453 378 522 407 annos
534 362 679 418 confitentur,
697 371 756 407 non

61 424 188 468 adhibendo
200 425 306 467 conatum
324 425 349 466 ut
360 424 488 476 emendent,
499 421 591 478 proinde
601 421 742 479 propositum

61 498 106 528 non
117 483 210 538 habent,
222 482 266 526 nisi
277 481 336 526 lorte
347 481 479 539 languidum
490 486 513 526 et
523 481 634 526 inefficax.

91 544 129 588 93.
143 568 173 576 -
183 544 253 599 Resp.
268 542 309 587 IV.
328 541 353 586 Si
365 543 476 599 poenitens
491 557 514 587 se
525 545 615 587 accuset
625 543 653 586 de
664 541 741 586 verbis
774 584 776 586 ,

25 643 27 646 ,
61 602 239 657 contumeliosis,
255 602 292 646 vel
303 603 417 655 convitiis
431 616 542 659 exponere
552 602 664 658 imprimis
675 602 744 646 debet

61 674 179 721 personas,
199 675 255 718 quas
272 661 301 705 iis
316 662 440 718 impetivit.
461 663 520 708 Nam
535 663 557 707 1.
578 662 604 707 Si
624 660 741 722 mulieres,

61 722 135 781 pueri,
154 722 238 766 infimae
253 721 321 766 sortis
339 722 441 766 homines
461 736 484 766 se
501 722 607 767 convitiis
621 722 740 779 impetant,

63 782 196 839 appellando
213 794 237 824 se
253 794 328 836 sagas,
346 782 486 833 meretrices,
505 781 628 835 adulteras,
645 779 743 825 'nebulo-

63 855 111 894 nes,
122 848 177 892 eto,
189 840 339 883 communiter
351 854 395 882 non
406 848 500 895 peceant
510 841 628 895 graviter,
643 840 696 896 quia
707 839 744 882 di-

21 926 23 929 v
62 903 139 944 centes
150 912 194 942 non
205 898 239 942 ita
250 898 358 953 sentiunt,
370 912 410 942 neo
421 899 540 943 intendunt
551 899 636 942 inferre
647 899 742 956 gravem

62 959 195 1015 infamiam,
221 958 339 1003 audientes
355 963 431 1003 autem
453 973 496 1003 non
518 960 612 1005 credunt
631 959 743 1003 similibus

62 1019 149 1072 verbis,
171 1018 225 1075 quia
243 1018 366 1063 advertunt
383 1033 413 1063 ex
429 1018 534 1076 passione
550 1019 603 1063 diei.
626 1019 660 1063 La
674 1019 743 1063 Oroix

62 1081 103 1125 lib.
117 1080 158 1133 Ill,
173 1093 195 1135 p.
212 1078 381 1136 2num.,1224.
397 1079 419 1122 2.
433 1079 458 1123 si
470 1092 551 1135 parens
566 1079 621 1133 filio,
639 1079 744 1135 superior

63 1140 153 1184 subdito
174 1138 248 1181 animo
268 1138 404 1194 corrigendi,
421 1138 555 1182 humiliandi
573 1140 668 1182 verbum
688 1153 745 1182 oon-

62 1198 209 1244 tumeliosum
220 1196 321 1254 objiciat,
332 1201 355 1240 et
363 1200 454 1240 modum
463 1199 610 1242 correctionis
621 1212 664 1242 non
676 1211 744 1242 exee-

64 1260 112 1311 dat,
125 1271 166 1300 neo
177 1257 279 1299 subditus
295 1257 388 1313 gravius
400 1259 559 1311 dehonoretur,
572 1271 638 1312 quam
651 1270 692 1313 per
703 1258 744 1300 de-

63 1317 143 1363 liotum
165 1319 288 1371 mereatur,
311 1321 428 1373 peceatum
449 1331 492 1360 non
518 1319 560 1362 est.
585 1317 623 1362 Sio
641 1317 744 1363 Christus

65 1378 186 1433 discipulos
196 1377 305 1421 euntesin
313 1379 430 1431 Emmaus,
441 1378 533 1420 vocavit
544 1378 667 1430 stultos,>et
674 1378 745 1433 apos

65 1438 124 1482 tolus
137 1436 231 1480 Galatas
245 1436 380 1481 insensatos.
396 1437 418 1480 3.
433 1436 458 1480 Si
475 1436 611 1480 contumelia
629 1437 659 1481 sit
673 1450 745 1493 parva

60 1501 163 1551 tautum,
183 1496 220 1541 vel
236 1498 285 1540 sine
305 1498 380 1540 animo
398 1497 558 1550 dehonorandi,
577 1510 618 1540 nee
637 1499 746 1552 sequatur

64 1558 126 1600 laesio
138 1569 221 1610 magna
231 1556 323 1598 honoris
335 1557 441 1612 proximi,
458 1559 493 1598 est
504 1559 592 1599 tantum
603 1557 692 1598 veniale
706 1560 746 1600 :et

66 1615 98 1660 sio
110 1617 246 1658 excusantur
257 1628 270 1658 a
282 1612 381 1669 mortali,
395 1615 433 1671 qui
443 1615 502 1659 filios
512 1619 594 1659 vooant
603 1616 686 1669 asinos,
699 1619 743 1660 eto.

66 1678 88 1718 4.
107 1675 133 1717 Si
147 1675 194 1730 J'oei
211 1687 286 1729 eausa,
310 1678 333 1719 et
348 1688 389 1731 per
407 1674 561 1718 covenientem
581 1675 745 1719 recreationem

34 1788 35 1792 Ἰ
66 1736 129 1778 leves
142 1735 242 1777 delectus
254 1735 398 1792 objiciantur,
414 1736 535 1777 seeundum
546 1737 573 1780 D.
586 1736 666 1779 Thon,
683 1749 709 1789 11,
721 1736 744 1788 2,

35 1793 36 1800 ’
66 1808 104 1850 qu.
122 1794 160 1847 72,
173 1793 239 1838 artie.
256 1794 279 1848 2,
299 1797 334 1837 est
345 1793 469 1848 urbanitas,
487 1796 552 1837 modo
567 1795 625 1837 alter
637 1809 680 1838 non
691 1809 746 1837 oon-

61 1854 181 1907 ,tristetum
194 1856 234 1897 aut
244 1854 271 1897 ad
280 1853 338 1897 iram
349 1857 476 1898 moveatur.
489 1854 511 1899 5.
523 1855 547 1898 Si
556 1857 632 1898 autem
643 1855 747 1910 graviter

66 1913 184 1973 proximus
202 1914 362 1967 dehonoretur,
381 1927 451 1969 grave
467 1918 583 1971 peceatum
599 1914 651 1958 erit.
664 1915 695 1958 Et
714 1915 746 1957 sio

67 1972 171 2031 graviter
180 1976 274 2028 peccant
285 1972 353 2016 etiam
364 1976 481 2030 parentes,
494 1974 532 2030 qui
544 1986 596 2017 suas
607 1974 682 2030 proles
693 1987 748 2031 pas-

12 2058 14 2060 ·
67 2035 110 2079 sim
123 2034 215 2086 vorant,
224 2032 333 2087 diabolos,
346 2045 420 2089 sagas,
431 2037 485 2090 eta,
497 2034 634 2092 praesertim,
646 2033 698 2090 quia
709 2048 748 2078 eas

67 2096 213 2149 exasperant,
226 2092 311 2136 faciunt
326 2093 430 2150 rebelles,
446 2108 486 2139 suo
497 2093 601 2150 exemplo
614 2095 708 2137 trahunt
720 2096 749 2139 ad

49 2154 213 2215 ,imitandum
231 2153 289 2207 quod
304 2149 375 2207 grave
390 2155 473 2205 malum
490 2147 532 2198 est.
550 2155 632 2208 Porro,
652 2154 689 2210 qui
708 2168 749 2210 per

50 2212 228 2267 ΙΙοηΙΙωθΙΙαῐῦ
240 2211 334 2255 alterius
347 2212 453 2258 honorem
464 2214 533 2268 laesit,
546 2214 703 2257 teneturhuno
714 2226 749 2256 re-

52 2272 157 2341 {parare
170 2273 214 2317 etsi
225 2271 286 2316 fama
296 2286 338 2316 uon
348 2273 378 2318 sit
386 2274 448 2319 laesa.
462 2275 519 2319 Illud
527 2277 604 2319 autem
612 2273 662 2318 fieri
674 2276 749 2331 potest
