1577 2464
190 67 193 82 τ
249 57 322 93 'runs
337 60 372 102 ur,
389 60 462 92 curus
477 61 503 93 vr
546 48 547 52 ’
663 78 664 81 =
677 50 733 96 317-

43 149 177 205 adhibitum‚
193 146 343 207 probabiliter
355 148 444 191 valeret
458 151 636 207 sacramentum
654 165 723 209 repe-

43 211 197 256 tenda'tamen
213 212 273 254 esset
284 207 393 262 inunctio,
408 209 427 252 si
441 209 490 252 iieri
506 213 621 255 commode
637 217 721 269 posset,

43 273 84 316 sub
95 270 222 314 conditione
232 267 275 328 (l).
732 299 734 303 -

77 331 146 373 Porro
161 331 278 373 conferens
296 327 339 370 hoc
358 332 525 372 sacramentum
538 329 604 380 debet
621 343 669 374 esse
685 346 725 376 sa-

43 391 130 432 cerdos.
140 390 221 444 Velide
231 388 334 430 conferre
345 390 420 443 potest
429 386 512 443 quivis,
525 388 670 434 licitetamen
680 405 723 434 non

8 462 10 465 ’
43 452 125 503 potest,
139 449 181 491 nisi
198 447 323 497 Parochus,
339 446 454 502 velotius,
472 448 499 490 de
514 447 563 503 ejus
574 448 666 491 licentia
681 448 722 508 (2).
774 494 778 506 ,Ἴ

42 508 158 552 Perochus
175 509 215 551 sub
233 506 325 548 mortali
345 510 435 549 tenetur
452 521 480 549 cx
495 506 595 563 justitia,
609 509 683 552 eiiam
701 510 725 552 in

43 563 131 611 morbis
138 564 275 622 contagiosis
286 564 330 624 (3);
342 567 394 623 etsi,
407 566 445 622 qui
456 567 506 610 aliis
517 569 665 611 sacramentis
677 570 726 613 ins·-
747 584 749 586 ·

42 630 139 683 tructus,
156 627 197 672 hoe
209 628 375 674 sacramentum
390 630 468 683 petere
485 627 533 672 sine
552 632 681 684 contemptu
696 631 726 674 'ei
751 669 752 672 ,

44 688 147 731 scandalo
159 688 294 742 negligeret,
304 687 372 743 Juxta
383 684 560 731 communiorem
572 702 614 731 non
627 689 670 732 nisi
681 703 724 732 ve-

43 747 134 792 nialiter
143 751 247 804 peccaret
258 759 262 790 :
275 747 327 803 quia
336 747 372 790 hic
383 751 458 803 potest
468 761 575 804 maguum
586 749 669 792 bonum
681 762 725 793 nou
769 775 771 778 v

43 807 194 850 necessarium
206 806 254 857 siue
270 806 336 861 gravi
354 806 468 861 omittere,
487 821 530 849 non
548 811 624 850 temen
640 809 724 851 Pastor

43 879 135 923 negare.
147 865 218 910 Plura
229 864 280 909 vide
290 865 348 922 apud
360 865 409 910 An.

284 1008 426 1059 QUAESTIO
441 1008 494 1053 VII.

46 1109 101 1166 duce
112 1107 258 1168 preteream
272 1107 404 1155 oieitoiioue
413 1109 559 1166 iufirmorunt
572 1109 724 1155 obseruando?

42 1209 83 1243 227.
94 1208 176 1242 Curanda
182 1207 202 1241 in
210 1207 292 1241 cubiculo
302 1189 375 1249 infirmi,
384 1211 401 1240 et
407 1211 450 1251 postv
457 1196 524 1240 obitum
533 1207 608 1252 agenda.
617 1225 640 1232 -
647 1207 699 1250 Quid,
707 1209 724 1243 si

54 1263 55 1267 ¹
65 1253 147 1290 infirmus
161 1253 184 1288 sit
199 1252 282 1288 sensibus
293 1251 402 1288 destitutus?
414 1269 438 1280 -·
453 1252 471 1288 Si
481 1253 553 1288 morbus
569 1253 593 1288 sit
603 1254 723 1299 contagiosus,

68 1311 106 1347 quse
120 1300 189 1335 cautela
199 1297 314 1334 adhibenda?
323 1317 347 1326 -
358 1299 405 1341 Quid
416 1299 512 1335 dicendum
524 1299 601 1334 defuncti
613 1300 724 1345 conjunctis?

72 1388 124 1432 227,
132 1388 315 1443 *Respschm
326 1387 347 1431 1.
356 1386 722 1442 (duretur,utincubiculoinfirmi
765 1387 767 1393 '

43 1449 114 1494 alium
124 1450 229 1491 servetur
240 1447 363 1501 silentium,
380 1461 420 1490 nec
431 1447 522 1502 quosvis
532 1449 637 1490 admittat
647 1449 675 1490 sd
686 1450 723 1491 al-

42 1507 150 1565 loquium,
163 1507 202 1550 sed
214 1520 252 1550 eos
262 1509 360 1561 tantum,
373 1520 468 1563 quorum
478 1506 638 1552 consuetudine
647 1507 721 1553 suble-

42 1571 110 1613 vetur
121 1567 230 1611 infirmus.

73 1629 95 1672 2.
105 1628 130 1671 Si
139 1628 230 1671 morbus
239 1626 269 1671 sii
277 1626 425 1683 periculosus,
433 1626 541 1683 jubeatur
549 1626 653 1671 infirmus
661 1630 723 1672 totus

7 1688 9 1690 ’
43 1703 92 1734 esse
108 1687 132 1731 in
146 1685 237 1743 negotio
252 1687 334 1729 enimse
351 1690 407 1740 suec,
428 1701 469 1730 nec
485 1701 599 1730 sermones
615 1687 723 1743 profanos

67 1793 90 1841 (1]
100 1805 111 1828 <<
121 1794 182 1829 cicun
192 1790 255 1838 (debet)
265 1801 305 1827 esse
321 1792 421 1828 necessario
430 1791 542 1827 benedictum
552 1792 570 1826 in
580 1792 641 1827 ordine
656 1793 679 1828 ad
688 1804 723 1829 cua

10 1881 11 1884 Ἰ
43 1846 118 1877 tremam
133 1840 241 1874 unctionem.
257 1838 277 1872 Et
288 1838 306 1871 in
319 1839 358 1873 solo
375 1849 417 1873 casu
430 1839 548 1882 necessitatis,
561 1849 595 1884 quo
606 1840 655 1874 deest
665 1840 723 1876 oleum

43 1889 163 1924 infirmorum.
170 1911 187 1921 .,
199 1885 263 1930 poterit
273 1884 372 1921 ministrari
381 1891 460 1929 extrema
470 1886 531 1920 unctio
540 1886 636 1921 chrismate
645 1887 673 1921 rei
684 1888 722 1923 olco

43 1935 208 1972 catechumenorum
217 1932 250 1968 sub
261 1931 370 1967 conditione.
377 1939 394 1968 ·..
406 1933 445 1968 etsi
455 1939 515 1979 postea
523 1933 585 1977 haberi
599 1934 656 1978 possit
664 1933 722 1970 oleum

43 1983 161 2024 infirmorum,
172 1979 284 2025 repetendum
293 1984 319 2013 cst
326 1985 464 2016 sacramentum.
474 1991 485 2014 ›>
494 1979 513 2014 S.
522 1980 575 2025 uiph.
584 1979 625 2015 709.
635 1980 651 2015 d.
661 1981 680 2016 2.

67 2027 90 2075 (2)
103 2040 114 2062 «
124 2029 143 2062 ln
156 2028 261 2062 necessitate
274 2027 322 2069 uero,
333 2030 353 2059 ut
361 2027 376 2060 si
387 2033 448 2071 pastor
463 2027 516 2070 absit,
530 2028 558 2061 rel
573 2024 614 2060 darc
628 2027 679 2070 nolit,
689 2035 722 2060 nec

44 2075 130 2121 superior
135 2073 192 2118 possit
206 2073 251 2108 adiri
265 2081 296 2116 pro
310 2071 386 2116 petenda
400 2072 480 2116 licentia,
495 2072 544 2107 licite
559 2073 649 2107 ministrat
664 2072 722 2117 quivis

44 2132 80 2158 non
89 2120 251 2156 excommunicatus
260 2118 290 2153 dut
300 2128 403 2162 suspensus.
414 2130 425 2152 »
436 2119 454 2153 S.
464 2119 517 2165 Alpi..
529 2118 547 2163 6,
559 2118 600 2155 723.

67 2167 90 2216 (3)
101 2179 112 2203 (t
126 2168 268 2213 Reguiuriter...
289 2174 325 2200 uon
338 2169 407 2199 tenetur
417 2172 477 2209 pastor
490 2176 529 2201 cum
542 2165 621 2211 periculo
631 2164 671 2200 ritae
680 2163 723 2199 dare

26 2234 29 2242 ι
44 2215 77 2250 hoc
94 2218 230 2255 sacramentum,
247 2213 282 2247 nisi
296 2211 377 2245 infirmus
392 2221 402 2243 a
415 2212 468 2256 longo
483 2218 560 2255 tempore
569 2213 592 2245 sit
607 2210 737 2245 confessusct.

44 2259 168 2310 verosimiliter
177 2264 270 2295 censeatur
279 2267 317 2293 esse
324 2257 343 2292 in
351 2256 428 2296 mortali.
436 2268 449 2293 ›>
458 2258 476 2295 S.
486 2258 538 2305 Alph.
549 2257 567 2304 b,
577 2255 617 2293 729.

644 2333 675 2371 18.
