1567 2412
210 61 211 64 η
259 21 320 72 inus
335 40 352 81 1,
370 40 444 71 carun
462 15 492 71 111¹
556 55 560 59 v·
700 27 717 72 9

33 132 150 189 peccatum
160 127 242 173 ultimo
253 127 338 173 dictum
354 127 378 171 in
389 130 488 171 mentem
504 127 525 170 ei
536 130 630 174 revocet
643 128 715 186 etJ'u·

34 194 146 235 beataum
158 190 185 233 ab
197 188 237 232 illo
248 194 357 246 pergere3
370 187 402 233 sic
417 188 477 232 enim
491 188 612 232 reducetur
622 189 650 232 ad
661 202 717 233 nar-

34 251 147 295 rationem
157 250 224 292 antea
234 253 310 293 mente
318 250 458 304 conceptam.
483 269 485 272 ·

65 311 105 354 IV.
126 308 151 354 Si
172 309 283 366 poenitens
303 308 327 353 in
344 308 484 352 confessione
505 305 600 366 incipiat
621 305 715 353 aliorum

35 373 127 428 peecata
143 370 258 425 detegere,
271 380 324 412 mox
340 371 467 422 moneatur,
479 370 506 412 ut
518 381 559 412 sua
573 369 716 423 confiteatur,

36 433 63 474 de
78 428 160 481 alienis
180 433 265 481 autem,
286 442 314 472 ne
331 429 444 484 detrahat,
463 427 538 483 sileat,
555 431 580 472 ut
597 428 716 482 confessio,

36 490 224 546 quemadmodum
240 490 338 544 oportet,
354 490 384 532 sit
397 487 490 532 humilis
507 488 551 543 sui,
565 501 610 532 non
621 488 728 533 aliorumv

37 549 158 593 accusatio.
171 549 197 593 si
213 549 302 592 adierat
317 548 496 605 impertinentia,
509 551 549 592 aut
559 548 630 593 ‘velut
644 548 720 593 histo·

36 610 95 653 riam
114 612 227 663 contexat,
242 609 331 653 dicatur
346 609 376 664 ei,
390 609 446 653 satis
462 621 520 662 esse,
539 608 559 653 si
575 622 617 653 sua
627 611 720 666 peccata

37 670 110 726 quoad
121 669 217 724 speciem
226 673 250 713 et
260 681 379 712 numerum
390 669 533 722 confiteatur,
546 668 594 712 sine
604 669 720 725 mentione

37 727 161 772 occasionis
172 731 195 771 et
206 741 279 772 causae
286 741 292 781 3
299 728 387 782 juverit
397 728 538 783 quandoque,
549 728 569 772 si
580 730 680 783 notetur,
691 728 721 773 ad

38 788 103 845 cujus
119 786 206 844 peccati
220 785 383 831 contessionem
394 787 497 831 narratio
513 788 601 840 tendat,
619 788 722 832 interro-

38 860 102 904 gare,
115 860 168 890 num
179 847 202 890 in
211 847 254 891 hac
262 846 331 890 illave
340 847 437 891 materia
448 860 472 890 se
480 859 543 890 reum
555 846 657 891 inveniat
666 860 721 904 pec-

38 907 92 958 cati.
105 908 209 962 Demum,
221 909 240 950 si
258 907 325 949 nimis
338 919 414 950 crasse
429 906 467 950 vel
481 907 593 963 impudice
607 908 721 964 exprimat

39 967 151 1023 quaedam,
164 968 272 1011 doceatur
283 980 311 1010 ea
324 965 441 1011 honestius
455 967 538 1023 eloqui,
549 968 583 1011 ita
596 970 682 1023 tamen,
694 971 721 1012 ut

40 1027 126 1084 species
136 1027 286 1083 exprimatur,
447 1076 449 1079 Ι

70 1088 99 1131 V.
112 1087 199 1132 Caveat
212 1085 372 1140 confessarius,
384 1100 412 1130 ne
426 1086 492 1142 signa
502 1085 541 1131 det
555 1087 667 1142 manibus,
680 1100 721 1145 pe-

40 1147 113 1200 dibus,
124 1147 195 1191 oculis
208 1146 246 1190 vel
261 1159 400 1202 quocumque
416 1152 479 1190 motu
494 1146 603 1202 corporis,
616 1161 660 1204 quo
675 1148 721 1191 cir·

40 1209 179 1250 cumstantes
187 1205 211 1249 in
220 1205 370 1262 suspicionem
379 1206 480 1260 veniant,
488 1205 572 1262 aliquid
579 1206 694 1263 singulare
700 1207 723 1251 in

41 1265 180 1309 confessione
199 1265 297 1319 referri3
317 1265 425 1322 quidquid
450 1265 556 1320 audierit,
577 1266 664 1309 nullum
686 1267 725 1310 det
754 1264 757 1265 ⁷

41 1326 131 1380 signum
150 1325 307 1368 admirationis
327 1325 364 1368 vel
386 1324 563 1381 indignationis,
585 1326 643 1381 quod
663 1327 725 1370 solus

42 1385 111 1429 etiam
122 1385 234 1442 poenitens
245 1384 317 1442 possit
333 1385 467 1441 advertere,
478 1397 542 1429 secus
560 1384 620 1429 enim
636 1384 673 1430 hic
684 1387 725 1430 de-

42 1446 167 1490 terrebitur
178 1445 206 1489 ab
217 1444 349 1489 enarrandis
360 1444 467 1501 reliquis3
480 1445 508 1489 ob
521 1446 623 1489 eamdem
634 1459 726 1491 causam

43 1518 70 1549 ne
84 1505 186 1561 increpet
195 1507 247 1549 ante
261 1504 424 1549 confessionem
441 1508 464 1548 et
479 1517 574 1549 examen
587 1506 725 1560 absolutum,

43 1564 243 1621 sed‘potius,-‚quo
261 1564 368 1621 graviora
382 1565 504 1620 detexerit,
522 1578 549 1609 eo
564 1566 656 1610 suavius
672 1570 727 1623 agat

43 1638 94 1667 cum
116 1638 142 1668 eo
163 1625 281 1681 magisque
301 1624 394 1677 animet,
412 1627 437 1668 ut
451 1626 526 1667 totum
538 1624 609 1668 ¹virus
625 1629 725 1681 evomat,

44 1696 143 1740 paceque
152 1682 251 1728 fruatur.

313 1803 413 1847 CAPUT
428 1804 462 1847 III

89 1897 145 1952 tlara
156 1897 272 1942 observare
282 1896 359 1943 debeat
370 1897 431 1943 circa
442 1899 686 1957 eramen-poeailaatic.

46 1992 64 2028 l.
72 1992 104 2032 Qui
111 2001 146 2026 non
152 1990 512 2033 sintexaminandi‘l-Quornodoeramen
518 1991 620 2037 faciendum
626 2002 667 2029 cum
674 1992 727 2030 aliisi

70 2057 93 2063 -
101 2040 118 2073 ln
129 2038 245 2073 examinando
254 2047 289 2073 non
299 2038 322 2072 sit
331 2038 403 2081 nimius,
411 2039 443 2074 sed
451 2044 520 2081 cautus,
531 2045 548 2073 at
555 2040 652 2075 discretus.
661 2059 684 2067 -
692 2042 736 2083 Qua>

71 2084 164 2129 diligentia
175 2090 255 2119 tencatur
265 2083 383 2120 confessarius
393 2084 493 2120 examinare
503 2085 632 2130 poeniteutem‘l

78 2166 100 2209 4.
116 2189 146 2197 -
156 2166 226 2222 Resp.
244 2165 369 2222 sequentia.
387 2165 406 2210 I.
422 2165 521 2211 Necesse
535 2180 578 2211 non
595 2170 630 2211 est
640 2167 730 2212 exami-

49 2236 103 2268 nare
114 2237 162 2280 eos,
172 2225 210 2281 qui
218 2238 279 2283 saepe
289 2224 426 2269 confitentur
436 2237 533 2283 raroque
544 2229 638 2284 peceant
649 2227 731 2283 gravi-

663 2319 683 2358 i.
