1577 2464
262 51 321 81 rins
336 50 362 91 11,
387 50 461 81 cnrur
476 51 500 81 iv
677 40 721 85 143

40 126 180 187 Magistratu
197 145 240 176 non
254 131 391 189 reprehendi
403 133 507 186 maritos,
520 136 558 189 qui
574 147 657 177 uxores
670 135 721 191 ple-

40 190 281 237 beiasmero·bibu1as
301 194 325 236 et
344 192 453 247 ebriosas,
466 198 505 237 aut
527 193 629 237 nolentes
647 193 720 238 vitare

40 254 145 308 suspecta
154 252 276 307 consortia,
290 255 341 308 post
352 252 461 296 leviorem
473 267 562 309 poenam
581 252 629 298 sine
641 253 721 299 effectu

41 312 203 358 emendationis
214 314 311 369 illatam,
321 313 381 356 fuste
390 314 423 357 ita
432 316 563 370 verberant,
574 316 599 357 ut
608 314 675 357 biduo
684 315 722 358 vel

24 372 115 417 >triduo
136 374 202 417 duret
223 373 444 429 aliquisnerberum
463 388 550 419 sensus.
568 375 682 418 Caeterum
693 375 721 417 ab

40 431 191 477 admonitione
203 446 244 490 per
251 433 321 477 verba
330 433 436 478 suaviora
447 434 559 491 primum;
572 433 632 488 dein,
642 434 661 478 si
672 434 721 479 haec
747 453 748 456 ¹

40 506 83 536 non
98 492 188 550 juvent,
201 507 242 549 per
252 492 360 549 graviora
376 495 486 537 connectio
497 495 622 538 inchoanda
636 498 685 548 est;
697 498 721 537 ut

40 565 105 608 uxor,
126 552 146 597 si
167 553 195 596 ad
210 566 289 609 poenas
308 555 473 608 procedendum
491 554 530 609 sit,
542 553 665 609 intelligat,
680 554 721 597 has

40 611 83 657 sibi
102 610 184 656 merito
199 612 279 669 infligi.
290 614 385 657 Demum
399 615 466 658 debet
481 614 577 659 maritus
589 615 721 670 quandoque

40 671 148 726 deiectus,
162 672 199 716 ubi
211 672 258 716 sine
274 676 365 729 peccato
379 676 462 730 potest,
475 674 553 718 uxoris
568 674 719 733 dissimulare,

40 733 174 777 nec'nimius
190 746 239 777 esse
258 733 282 777 in
298 735 439 791 corrigendo,
450 736 582 791 quandoque
597 737 620 778 εὴ
630 733 722 778 correc—v
741 759 743 765 ·

40 793 126 837 tionem
137 793 166 836 ad
179 794 269 849 tempus
284 794 376 849 differe;
388 808 424 848 ne,
436 795 488 838 dum
505 809 562 838 uxor
573 797 608 838 est
619 794 722 851 indispo-
745 791 747 850 j

40 852 86 897 sita
101 852 130 897 ad
146 866 195 896 eam
211 853 371 909 recipiendam,
383 853 459 899 fructu
475 857 560 910 careat,
573 857 612 899 aut
628 854 697 899 etiam
708 868 723 899 a

40 913 90 958 viro
101 913 142 957 fiat
153 927 181 957 ex
196 913 323 959 inordinata
334 914 446 972 passione.

70 974 95 1017 2³
113 974 234 1028 Obligatio.
255 976 356 1018 Tenetur
366 989 423 1018 uxor
438 975 521 1019 marito
536 974 627 1018 obedire
640 975 664 1017 in
681 974 718 1029 iis,

40 1046 91 1089 quae
102 1035 204 1090 spectant
222 1034 250 1077 ad
261 1035 330 1077 bonos
344 1047 419 1078 mores
437 1037 461 1078 et
476 1036 555 1078 domus
573 1034 722 1090 gubernatio-

41 1108 99 1148 nem,
113 1093 165 1149 quia
182 1094 278 1138 maritus
297 1097 332 1138 est
341 1097 414 1150 caput
424 1095 510 1149 uxoris,
523 1095 559 1139 cui
570 1095 721 1139 obedientiam

40 1155 64 1198 et
74 1153 227 1197 reverentiam
245 1155 319 1198 debet.
337 1156 402 1198 Unde
419 1168 477 1198 uxor
487 1158 565 1211 peccat
576 1156 721 1211 gravitem‘si

40 1212 200 1258 auctoritatem
211 1214 254 1257 sibi
269 1228 312 1257 nun
323 1214 494 1259 convenientem
506 1218 606 1271 arroget,
617 1228 661 1270 qua
670 1215 719 1258 viro

40 1272 152 1316 dominari
168 1276 191 1316 et
206 1273 316 1318 insultare
331 1276 528 1331 attentet‚'estque
546 1275 642 1331 incapax
652 1275 720 1318 abso-

39 1333 141 1388 lutionis,
154 1332 196 1376 nisi
213 1334 272 1377 serio
284 1336 369 1378 statuat
381 1335 508 1378 emendare.
521 1336 620 1381 Econtra
629 1337 720 1380 tenetur
775 1361 777 1363 v

39 1394 136 1437 maritus
147 1407 240 1442 uxorem
250 1398 349 1438 tractare
358 1398 465 1451 tanquam
475 1395 558 1439 sociam
567 1398 590 1440 et
600 1408 721 1439 commem·
780 1409 782 1411 ·

39 1454 113 1507 buum,
129 1453 208 1509 illique
228 1457 338 1509 praestare
358 1455 467 1499 alimenta
485 1457 508 1500 et
527 1456 635 1499 vestitum
650 1456 720 1499 statui

40 1512 219 1565 convenientem,
236 1519 363 1569 caeteraque
382 1527 432 1569 quae
448 1514 502 1557 talis
518 1514 651 1558 conditionis
663 1528 722 1557 uxo-

38 1571 101 1615 ribus
110 1570 177 1627 juxta
193 1572 237 1614 ioci
254 1573 438 1618 consuetudinem
454 1574 658 1631 competunt3quia
673 1575 722 1618 haec

38 1633 62 1676 in
73 1633 190 1676 contractu
201 1633 340 1677 matrimonii
356 1634 504 1686 imbibuntur,
515 1634 609 1690 ideoque
623 1635 721 1678 maritus

39 1693 67 1737 ab
78 1705 150 1737 uxore
160 1692 241 1748 accipit
257 1693 340 1738 dotem.
354 1694 418 1743 Quod
437 1694 456 1739 si
467 1694 569 1743 duxisset
587 1708 719 1751 pauperem,

39 1757 130 1797 tenetur
140 1751 293 1807 nihilominus,
304 1754 357 1810 quia
368 1757 473 1799 censetur
481 1768 578 1812 persona
588 1754 658 1799 fuisse
670 1769 722 1799 con-

38 1816 124 1859 tentus.
137 1813 161 1857 Si
178 1816 252 1857 autem
264 1814 359 1858 divitem
376 1815 475 1872 quidem,
487 1815 527 1860 sed
547 1816 598 1861 dote
610 1830 654 1859 non
665 1830 721 1859 con-

39 1875 128 1928 stituta,
138 1874 187 1917 haec
200 1874 237 1917 vel
251 1874 278 1917 ab
290 1887 361 1918 uxore
374 1876 436 1919 vela
451 1876 582 1932 parentibus
598 1876 647 1931 ejus
665 1890 721 1919 cun-

39 1934 152 1978 stitnenda
169 1936 211 1977 est.
225 1934 249 1977 Si
264 1936 339 1977 tamen
358 1948 416 1979 uror
427 1949 440 1979 a
451 1936 504 1985 ¹viro
521 1935 569 1979 sine
577 1936 641 1993 Justa
652 1948 719 1979 causa

8 2010 10 2014 ’
38 1994 173 2052 discederet,
186 1993 223 2036 hic
244 2008 293 2036 cam
313 1993 374 2036 aiere
395 2010 439 2038 non
457 1998 573 2039 teneretur
587 2009 591 2040 :
605 1996 643 2052 qui
659 1996 719 2037 enim

38 2068 82 2098 non
101 2054 157 2097 facit
178 2055 236 2110 quod
257 2054 331 2108 debet,
350 2068 440 2111 aequum
459 2059 501 2111 est,
519 2059 544 2100 ut
563 2070 607 2100 non
624 2056 719 2111 recipiat

38 2115 96 2170 quod
109 2113 205 2170 oportet
220 2114 330 2158 Similiter
346 2128 390 2157 non
406 2118 531 2170 teneretur,
544 2116 563 2159 si
575 2118 602 2159 cb
620 2116 718 2173 inopiam
778 2136 780 2139 ·

38 2189 81 2219 non
98 2176 181 2232 posset,
195 2188 238 2231 quc
256 2188 308 2219 casu
324 2173 352 2218 ab
369 2188 440 2219 uxore
457 2176 528 2221 divite
548 2176 640 2220 alendus
658 2179 717 2219 esset

37 2236 142 2292 maritus,
160 2236 194 2279 uti
211 2250 259 2291 nec,
272 2236 291 2281 si
309 2236 348 2280 dos
366 2237 477 2292 promissa
492 2251 536 2280 non
555 2240 615 2282 esset
633 2236 714 2292 soluta,
