1577 2464
39 101 90 163 ,264
126 114 358 165 uno-coursssnarus
373 115 484 148 rancura
499 115 639 148 rnsrauerus
666 152 669 154 ,

45 199 176 245 convenerit
186 213 192 257 ς
203 200 236 245 ita
244 204 330 258 tamen,
339 205 365 245 ut
381 202 421 245 alii
432 216 474 245 non
486 202 606 245 advertant
619 201 721 259 gravem,
779 203 781 207 “

45 260 65 306 si
76 261 135 305 forte
142 262 220 317 detur,
232 262 396 319 poenitentiam.
418 258 420 265 '

77 321 237 378 l9d.—Resp.
246 322 275 365 Π.
286 323 371 377 Mutus,
379 322 416 379 qui
426 337 469 367 non
475 323 509 367 est
515 322 603 376 surdus,
610 322 723 379 juvandus

46 382 81 426 est
92 395 132 438 per
146 382 345 439 interrogationes,
363 383 443 439 quibus
454 396 494 440 per
505 382 569 438 signa
587 384 723 439 respondere

45 444 129 498 potest.
139 442 172 496 si,
180 447 297 499 postquam
308 442 385 486 didicit
394 443 451 486 scitu
463 447 486 487 et
493 443 580 486 creditu
587 444 721 497 necessaria,

46 501 100 547 talis
119 502 192 547 lactus
203 506 246 558 est,
266 502 353 546 absolvi
370 516 412 546 non
420 505 507 560 potest,
519 503 562 547 nisi
584 503 667 561 scripto
687 504 724 548 rel

46 563 112 620 signo
124 577 148 607 se
159 566 256 618 accuset,
269 566 292 607 et
304 563 379 606 dolere
391 565 503 608 ostendat.
519 564 543 607 In
556 565 650 607 articulo
660 578 739 619 mor-fl·

46 623 78 666 tis
95 623 239 678 praesumitur
256 622 345 665 facilius
364 624 451 666 dedisse
471 624 568 678 signum.
588 625 673 676 Mutus,
686 626 723 679 qui

47 682 146 725 scribere
157 683 239 738 potest,
260 681 382 723 monendus
394 684 436 733 est,
454 682 521 737 juxta
538 696 685 736 communem,
699 688 724 726 nt

47 753 88 796 per
98 743 232 796 scripturam
242 741 383 793 confiteatur,
398 740 441 782 nisi
452 755 492 796 per
504 741 569 796 signa
580 743 635 785 satis
643 743 722 798 possit.

47 801 118 853 Quod,
131 801 150 844 si
159 800 256 843 scribere
266 800 359 852 nesciat,
372 799 443 856 possit
452 804 527 843 autem
537 814 577 856 per
591 802 655 857 signa
664 802 724 845 indi-

47 873 99 903 care
124 874 241 903 numerum
264 863 287 903 et
306 859 411 916 speciem,
431 860 517 903 adhoc
537 864 641 917 tenetur,
662 862 724 918 sique

46 919 170 976 pericnlum
179 922 217 975 sit,
225 934 252 962 ne
263 934 319 963 unus
329 920 483 964 Confessarius
493 934 519 963 ea
528 932 571 963 non
582 924 644 972 recte
655 917 724 966 inlel-

46 979 112 1035 ligat,
126 982 192 1023 debet
212 982 317 1023 accedere
333 980 410 1033 alium,
422 981 501 1036 siquis
523 981 561 1034 sit,
579 982 617 1037 qni
636 995 663 1025 ea
677 996 724 1038 prae
752 1021 755 1027 .

2 1052 7 1063 ¹
47 1040 140 1095 reliquis
153 1041 277 1095 intelligat3
289 1041 308 1082 si
320 1054 363 1082 non
375 1043 456 1096 potest,
467 1040 580 1095 juvandus
592 1043 635 1095 est,
652 1044 723 1097 quoad

46 1099 96 1140 fieri
110 1101 192 1153 potest,
205 1104 228 1140 et
239 1100 395 1153 absolvendus,
405 1100 424 1141 si
436 1100 485 1154 plus
501 1100 633 1141 lraberi‘non
643 1102 723 1157 possit,

47 1157 101 1201 lieet
115 1162 202 1202 tantum
221 1158 243 1201 in
258 1171 340 1213 genere
358 1172 381 1202 se
401 1163 541 1213 peccatorem
552 1159 663 1203 fateretur
680 1159 721 1219 (l).

47 1216 119 1273 Quod,
130 1218 149 1261 si
161 1217 319 1274 sciretlegere,
332 1220 423 1274 possent
434 1218 453 1260 ei
463 1218 598 1274 quaestiones
607 1218 629 1262 in
640 1220 724 1277 scripto

46 1280 149 1335 proponi,
163 1283 185 1321 et
194 1279 326 1334 poenitentia
334 1280 411 1322 eodem
421 1281 486 1322 modo
498 1280 623 1335 praescribi.

78 1339 129 1382 195.
139 1339 228 1395 -Resp
237 1372 241 1381 .
250 1339 290 1380 lll.
300 1339 324 1380 Si
333 1340 412 1381 surdus
419 1339 486 1381 simul
494 1343 517 1381 et
523 1340 631 1382 mutusad
639 1340 723 1383 confes-

46 1397 132 1450 sionem
152 1400 286 1451 adducatnr3
297 1399 424 1453 inquiratur
435 1399 497 1454 prins
508 1413 522 1442 a
534 1401 634 1453 duotore,
649 1401 732 1456 qualia,
745 1425 747 1427 -

7 1480 9 1483 ·
46 1458 139 1512 dolorm,
149 1458 305 1512 accusationis,
316 1462 340 1501 et
348 1461 491 1514 pennatorum
501 1458 566 1514 signa
577 1459 649 1503 soleat
659 1460 721 1516 dare,

46 1521 125 1574 postea
133 1518 156 1560 in
167 1518 239 1560 locum
252 1522 381 1573 separatum
391 1519 498 1561 deductus
510 1531 536 1560 ex
553 1519 623 1574 signis
635 1520 724 1562 exanti-

46 1578 132 1621 nandus
144 1581 189 1633 est,
199 1576 313 1620 intellecto
324 1591 368 1619 uno
380 1577 481 1620 alterove
491 1580 590 1633 peccato,
610 1579 663 1621 dum
673 1579 724 1635 plus
762 1575 769 1581 Γ

46 1637 143 1681 obtineri
152 1651 194 1682 non
206 1640 288 1693 potest,
301 1650 350 1680 cunr
364 1637 428 1693 signo
443 1637 525 1681 doloris
536 1638 622 1682 absolvi
634 1642 722 1696 potest;

46 1697 99 1753 quia
110 1698 132 1740 in
144 1698 185 1741 tali
194 1711 246 1740 casu
258 1698 383 1753 integritasv
390 1698 514 1741 materialis
523 1699 669 1742 confessionis
678 1714 720 1743 non

45 1757 178 1812 requiritur.
200 1756 285 1800 Caieat
295 1760 371 1800 autern
390 1756 552 1808 Confessarius,
568 1772 604 1812 ne,
617 1758 636 1802 si
654 1772 723 1802 unum

46 1816 173 1860 alteramve
184 1817 272 1873 signum
284 1831 328 1860 non
343 1816 398 1860 satis
415 1817 561 1872 intellexerit,
576 1821 655 1875 postea
667 1819 722 1864 alios

45 1876 180 1933 interroget,
201 1877 253 1933 quid
269 1877 309 1920 illo
320 1876 384 1932 signo
395 1876 493 1921 indicare
514 1878 579 1932 velit,
592 1878 644 1934 quia
655 1878 720 1923 facile
734 1889 743 1905 r

46 1940 100 1992 aget
118 1939 197 1979 contra
215 1937 314 1991 sigillum
329 1950 334 1989 3
347 1950 397 1978 cum
416 1938 448 1979 sie
463 1938 502 1980 alii
518 1938 656 1992 intelligant,
673 1952 723 1994 quae

44 1997 138 2052 peccata
149 1994 247 2038 voluerit
258 1995 385 2050 significare
396 1996 544 2041 Confessario
567 1996 652 2041 Putant
671 1998 723 2054 qui-

45 2057 96 2099 dem
116 2054 195 2111 aliqui,
205 2056 297 2097 surdum
309 2057 332 2097 et
342 2058 427 2098 mutum
439 2069 452 2100 a
463 2056 583 2100 nativitate
594 2056 722 2114 incapacem

45 2129 94 2160 esse
103 2113 258 2170 absolutionis,
267 2129 293 2157 eo
304 2115 361 2171 quod
372 2118 468 2174 nequeat
474 2116 557 2160 habere
568 2119 631 2162 actus
642 2131 724 2175 super·

45 2177 161 2224 naturales
183 2174 236 2220 fidei
251 2178 275 2219 et
292 2175 351 2229 spem
371 2179 404 2222 at,
424 2191 475 2221 cum
491 2190 562 2235 capax
579 2178 609 2226 sit
626 2179 721 2237 peccati,

37 2355 39 2358 .
69 2312 213 2362 [l]V.sup1¹au.
225 2312 259 2348 llr
269 2317 286 2347 et
295 2311 340 2347 iufra
347 2321 366 2347 n.
377 2312 416 2349 196.
