1577 2464
55 80 87 125 72
142 69 500 136 uuo-oonrrssnarasraserias
513 77 655 131 rusraoorus
675 82 677 84 ’
709 143 714 149 χ

63 210 65 212 -
87 181 124 228 64.
137 205 167 214 -
178 183 203 225 4ο
214 182 239 226 Si
250 183 278 226 de
288 183 373 228 litteris
384 184 479 241 apertis,
496 184 534 227 vel
552 183 617 229 lectis
631 197 636 232 z
655 179 740 229 exami-

57 246 133 298 netur,
144 243 221 299 quales
229 243 315 288 fuerint
324 244 385 288 illae:
398 244 441 287 etsi
452 244 521 299 enim,
534 257 608 300 perse
619 244 740 302 loquendo,

4 342 6 345 .
57 302 143 348 alienas
154 302 245 347 litteras
263 303 361 361 aperire,
380 305 404 348 et
421 304 499 360 legere
515 303 546 349 sit
561 305 670 361 morlalc;
688 306 740 349 cum

57 363 172 409 ordinarie
183 378 226 409 non
239 367 335 417 constet,
346 379 374 408 an
381 379 425 408 non
435 364 565 409 contineant
574 378 622 408 rem
634 373 739 422 gravem,

58 426 96 468 vel
108 436 175 480 quam
195 428 299 469 constare
313 425 381 468 alteri
394 424 494 468 scribens
508 425 575 468 valde
586 424 739 481 aegreferat;

58 497 99 539 per
109 483 213 528 accidens
223 487 300 529 tamen
316 486 391 539 potest
409 497 458 527 esse
473 483 562 527 veniale
572 486 671 537 tantum,
684 486 710 528 ut
720 483 741 527 si

58 542 190 588 curiositate
202 544 354 601 aperirentur,
368 546 391 587 et
400 544 523 600 prudenter
532 544 675 601 judicaretur
687 555 740 587 cer-

58 607 116 657 tum,
124 616 168 647 non
176 605 292 649 continere
303 616 352 647 rem
360 604 437 660 magni
444 603 562 659 momenti,
571 608 594 647 et
604 604 740 662 scribentem

59 678 103 707 non
113 677 163 708 esse
180 665 282 720 graviter
293 663 405 718 invitum;
418 664 456 707 vel
473 664 543 708 etiam
559 664 654 719 nullum,
672 666 706 717 ut,
719 662 739 707 si

49 725 149 767 >adesset
168 736 288 768 consensus
309 723 428 767 scribentis
446 736 575 781 expressus,
595 727 636 767 ,aut
657 723 740 768 saltem

59 784 141 828 tacitus
161 786 284 840 prudenter
299 787 459 841 praesumptus,
478 787 501 829 ct
522 783 652 827 rationabili
664 794 740 827 *eausa
760 834 762 836 ¹

59 845 126 888 fieret
143 856 148 887 :
165 844 202 889 uti
213 848 236 887 et
247 844 266 887 si
277 846 367 887 adesset
380 844 484 900 legitima
495 844 627 898 auctoritas,
641 844 678 886 vel
689 856 739 886 me·

60 904 104 946 rito
118 906 206 945 certum
221 903 336 959 judicares
352 917 423 959 grave
436 904 542 945 damnum
558 903 608 957 tibi,
622 904 660 945 vel
671 901 739 945 alteri

59 962 134 1019 parari
143 963 180 1015 iis,
189 964 248 1018 quod
257 962 325 1006 aliter
335 976 379 1006 non
388 975 465 1019 posses
477 966 582 1006 avertere
594 974 599 1005 :
612 963 667 1005 licet
678 962 740 1005 enim

52 1025 138 1067 ,contra
148 1022 271 1080 injuriosas
282 1022 372 1066 litteras
383 1023 425 1065 tibi
436 1023 566 1074 consulere3
579 1023 618 1066 sed
631 1034 672 1065 nec
685 1023 740 1065 tuno

60 1084 109 1139 plus
119 1083 248 1139 legendum,
261 1097 328 1139 quam
339 1085 368 1127 ad
379 1084 444 1126 illum
456 1083 524 1126 finem
536 1082 631 1126 serviat.
648 1082 740 1127 (laven-

59 1144 112 1187 dum
122 1156 218 1198 quoque,
235 1156 263 1187 ne
273 1143 297 1187 id
309 1146 396 1187 temere
405 1142 527 1199 Judicetur.
541 1143 604 1187 Idem
620 1142 740 1187 dicendum

49 1205 86 1247 de
96 1203 181 1247 litteris
195 1202 289 1260 apertis,
302 1216 357 1259 quas
369 1203 451 1259 aliquis
464 1216 517 1247 casu
535 1202 642 1261 perdidit,
655 1205 695 1246 aut
711 1214 740 1247 ex

59 1263 262 1308 inconsideratione
276 1263 300 1306 in
310 1264 359 1306 loco
371 1263 458 1320 publico
469 1264 571 1319 reliquit.
585 1263 679 1311 Quodsi
697 1263 740 1305 do-

59 1325 132 1367 minus
142 1323 193 1366 illas
204 1323 359 1376 dilacerasset,
372 1326 395 1366 et
406 1323 535 1379 fragmenta
546 1325 569 1365 in
579 1323 654 1366 locum
664 1322 741 1378 publi-

59 1396 109 1426 cum
120 1382 261 1438 projecisset,
275 1395 303 1424 an
314 1383 359 1437 legi
371 1382 458 1438 possint
469 1382 539 1434 licite,
551 1381 739 1426 controvertitur.
770 1426 771 1429 ,

58 1443 163 1486 Affirmat
176 1442 250 1499 Lago,
261 1444 284 1485 et
298 1441 337 1484 alii
349 1441 405 1486 satis
421 1441 581 1496 communiter,
594 1454 620 1485 ec
630 1441 689 1499 quod
700 1453 740 1486 eas

58 1503 163 1546 videatur
174 1502 258 1545 habere
270 1514 311 1558 pro
323 1501 438 1545 derelictis
455 1504 478 1545 et
489 1503 568 1546 cedere
578 1502 630 1557 June
647 1514 696 1546 suo.
709 1502 742 1547 At

58 1562 194 1606 contradicit
206 1575 258 1605 cum
271 1561 323 1605 aliis
337 1562 371 1605 La
385 1561 453 1605 Croix
468 1561 484 1605 l.
497 1562 539 1616 III,
553 1575 576 1618 p.
589 1561 612 1617 2,
626 1575 688 1605 num.
702 1560 741 1616 12,

58 1622 96 1676 36,
115 1621 134 1665 si
150 1620 173 1664 in
189 1621 277 1665 minuta
294 1620 369 1666 frusta
386 1621 549 1676 dilacerasset3=
563 1621 617 1678 quia
635 1622 667 1665 sic
684 1621 749 1666 satis

59 1683 203 1736 ostendisset,
217 1695 240 1726 se
250 1682 310 1725 velle
319 1694 398 1725 earum
407 1685 538 1726 contentum
550 1694 599 1725 esse
609 1685 723 1726 secretum
733 1694 739 1727 ε

50 1742 152 1797 proinde
162 1741 292 1797 fragmenta
302 1743 423 1799 conjuncta
439 1755 483 1784 non
497 1742 637 1798 legerentur,
657 1754 697 1799 per
716 1753 742 1785 se
757 1774 759 1776 ψ

58 1802 177 1857 loquendo,
189 1801 260 1846 licite.
271 1801 335 1850 Quod
346 1802 393 1845 dixi
405 1802 431 1845 de
442 1802 536 1856 litteris,
548 1802 612 1847 valet
620 1803 647 1846 de
659 1800 742 1847 alienis

14 1891 15 1894 =
59 1860 158 1916 scriptis,
171 1873 220 1916 quae
231 1859 282 1917 quis
290 1860 342 1905 vult
352 1873 402 1905 esse
413 1864 515 1917 secreta3
526 1874 577 1904 cum
589 1863 612 1905 et
623 1861 646 1904 in
657 1860 693 1904 his
702 1861 741 1916 jus

47 1920 87 1973 -ad
102 1921 217 1965 secretum
235 1921 320 1966 habeat
336 1931 343 1968 :
362 1921 429 1977 unde,
448 1920 468 1966 si
487 1934 516 1966 ex
532 1921 577 1977 his,
597 1923 636 1965 aut
655 1919 742 1966 litteris

58 2059 146 2096 damnum
155 2058 233 2105 proximi
241 2059 304 2104 vitare,
316 2062 334 2096 ct
349 2070 385 2097 uon
399 2059 514 2106 presumitur
522 2058 563 2106 quis
577 2058 600 2094 ad
614 2059 650 2095 talc
664 2069 709 2095 onus
721 2069 742 2096 ss

58 2107 156 2153 obligasse,
163 2106 200 2141 nisi
209 2114 232 2141 ex
241 2108 380 2145 circumstantiis
387 2108 406 2142 id
413 2113 460 2142 (certe
468 2111 558 2152 appareat.
567 2118 578 2139 ›>
585 2106 603 2140 S.
611 2108 663 2151 Alph.
672 2107 690 2150 l,
699 2105 742 2142 911.

58 2154 108 2201 lugo
117 2152 136 2189 d.
146 2152 164 2188 J.
174 2153 214 2188 etl.
225 2152 280 2189 (1.11.
290 2164 308 2190 u.
318 2154 352 2190 115
363 2159 381 2190 et
390 2153 431 2190 ut.
445 2155 505 2200 [aym.
514 2152 531 2195 l„
543 2151 561 2188 3.
576 2159 598 2187 tr.
610 2152 628 2189 3.
638 2164 655 2199 p.
665 2153 683 2187 2Ι
695 2162 711 2188 o.
723 2150 742 2188 5.

57 2213 78 2237 ιιι
87 2203 105 2237 2.
116 2200 165 2236 Less.
174 2200 188 2236 l.
198 2200 216 2235 2.
228 2210 244 2237 c.
256 2201 285 2236 11.
297 2211 315 2236 n.
325 2201 348 2237 53
361 2208 378 2239 et
387 2201 416 2238 tl.
429 2202 479 2238 Lacr.
489 2200 508 2239 L.
519 2199 537 2237 3.
548 2210 565 2247 p.
576 2201 592 2235 2.
603 2211 621 2236 n.
632 2200 685 2237 1232.
713 2224 716 2226 Α

72 2278 73 2281 ,
82 2247 107 2295 (1)
116 2247 143 2284 Cf.
152 2247 171 2283 S.
183 2246 235 2292 Alph.
244 2247 263 2292 2,
274 2246 306 2284 70.

83 2294 107 2343 (²)
116 2293 142 2332 Cf.
151 2293 171 2330 S.
179 2294 232 2341 Alpb.
244 2293 263 2338 2,
272 2292 302 2329 10.
