1567 2412
44 74 73 118 18
126 72 357 120 uno-cournssnaius
373 76 485 119 aaronica
501 86 642 118 rnsraucrus

44 173 145 217 dolorem
167 177 191 218 et
212 175 351 232 propositum
373 174 506 229 elicuerint3
523 174 576 230 quia
589 174 689 230 quidam,
702 177 727 219 ut

44 234 188 290 experientia
206 236 278 290 docet,
289 234 423 291 interrogati
441 235 585 290 respondent,
598 248 621 278 se
635 234 658 277 id
677 249 726 280 esse

45 294 136 349 oblitos,
150 298 299 351 amputasse,
313 293 368 338 satis
380 308 438 348 esse,
449 294 468 338 si
483 295 505 337 in
517 294 674 339 confessionali
687 297 727 339 eii-

20 407 22 411 ·
45 358 135 409 cerent3
149 357 207 411 quod
220 356 262 399 etsi
279 368 358 398 verum
369 355 407 410 sit,
418 355 458 398 vix
471 357 547 399 tamen
566 355 614 408 fiet,
626 359 650 398 ut
662 355 726 398 dolo-

44 428 94 458 rem
106 419 130 458 et
140 416 280 472 propositum
296 414 408 458 sincerum
420 415 498 459 statim
514 415 647 470 concipiant.
662 415 726 459 Unde
764 456 766 459 .

45 475 65 518 si
76 475 187 530 poenitens
196 475 325 517 inveniatur
332 489 375 517 non
387 474 490 518 elicuisse
502 478 554 517 ante
564 475 664 517 dolorem
676 489 726 518 cunr

44 535 170 590 preposito,
182 534 304 578 monendus
321 536 364 589 est,
376 538 402 578 ut
416 535 520 590 deinceps
531 534 668 577 conscientia
679 535 727 578 dis-

46 606 112 648 cussa
123 596 175 637 ante
184 595 311 647 ingressum
322 593 345 636 in
357 594 519 638 confessionalc
529 594 552 637 id
561 596 664 649 praestet,
677 608 727 651 pro⁴

46 655 191 710 ponendaque
202 653 236 695 illi
247 657 333 697 motiva
344 653 437 710 doloris,
450 658 473 697 et
484 655 512 697 ad
523 667 574 697 eum
585 654 725 710 excitandus,
771 667 773 674 ⁸

47 715 188 769 dandumque
198 716 295 769 tempus,
309 717 334 757 ut
345 714 421 758 eliciat
432 714 490 758 clam
502 715 564 770 lpse3
577 714 629 769 qnia
641 713 660 757 si
671 729 727 757 eon-

46 774 154 818 fossarius
171 775 260 816 tanturn
278 777 364 830 praeeat
383 774 406 817 in
424 776 502 829 verba,
515 774 581 817 facile
593 775 640 828 liet¹
659 776 728 818 ntea

47 834 115 877 simul
123 834 203 877 recitet
212 833 260 876 sine
271 833 360 877 interno
371 834 458 877 sincero
472 835 548 877 dolore
560 834 662 889 serioque
673 847 727 889 pro·
745 881 746 884 Ἴ

47 893 128 950 posite.
148 892 192 936 Ubi
214 893 336 951 dispositus
354 893 476 949 videbitur,
490 893 598 949 jubeatur
612 892 683 936 denuo
704 907 728 937 se

48 967 153 998 accusare
161 953 185 995 in
195 967 286 1009 genere,
294 967 428 1010 quamquam
436 955 478 997 hoc
488 954 589 997 absolute
601 968 643 996 non
654 954 728 1009 requi-

46 1015 118 1066 ritur3
137 1013 198 1067 quia,
211 1014 263 1055 dum
283 1015 394 1069 poenitens
414 1011 539 1070 exspectat,
555 1013 725 1066 absolutionem,

47 1086 97 1115 eam
117 1073 193 1128 reipsa
218 1073 277 1129 petit
301 1073 460 1129 continuatque
482 1087 506 1116 se
531 1086 596 1115 reum
616 1073 726 1126 confiteri,

42 1136 71 1176 >et
81 1132 113 1175 sic
125 1137 181 1174 satis
196 1132 259 1174 dolor
276 1134 383 1187 praeeedit
396 1132 605 1175 confessionem-Si
617 1133 728 1187 poenitens

48 1194 116 1245 dieat,
138 1206 161 1234 se
183 1195 234 1236 ante
255 1192 417 1236 confessionem
437 1193 541 1236 elicuisse
559 1192 658 1235 dolorem
678 1205 728 1235 eum

49 1252 172 1308 proposito,
185 1255 260 1307 potest
278 1252 427 1295 confessarius
444 1253 595 1307 acquiescere,
612 1251 655 1294 nisi
667 1251 728 1294 alind

50 1312 225 1356 circumstantia
240 1312 361 1366 suadeant3
380 1315 454 1367 potest
465 1324 552 1367 queque
570 1312 686 1367 imponere
696 1311 726 1364 ei,

50 1375 74 1415 ut
91 1372 187 1426 repetat
199 1371 300 1414 dolorem
311 1384 352 1427 pro
366 1374 431 1428 parte
449 1370 596 1427 poenitentiae.
612 1370 728 1414 Praeterea

43 1432 153 1475 ‘hortetur
164 1432 187 1474 et
197 1431 296 1475 instruat
312 1431 440 1487 praesertim
458 1431 569 1485 rudiores,
586 1430 663 1486 gravis
676 1444 729 1486 pec-

48 1492 94 1535 cati
105 1505 164 1544 reos,
177 1490 200 1533 in
216 1492 294 1534 eadem
305 1491 403 1534 venialia
411 1491 494 1545 saepius
506 1495 528 1532 et
540 1491 629 1533 omnino
641 1491 729 1533 delibe-

48 1553 98 1594 rate
109 1550 219 1606 relapsos,
227 1550 526 1606 quaemediaemendationis
538 1550 583 1593 sint
594 1550 728 1593 adhibenda.

80 1609 115 1653 122
129 1635 160 1641 —
173 1610 243 1667 Resp.
261 1610 303 1654 III.
316 1610 405 1655 Motiva
415 1609 500 1653 doloris
520 1610 664 1666 proponenda
678 1613 729 1656 sunt

50 1670 210 1727 poenitentibus
218 1671 361 1714 accommoda
371 1671 471 1726 cujusvis
478 1670 598 1725 capacitati
606 1683 612 1723 ς
620 1685 662 1712 non
671 1670 730 1715 eninr

51 1728 128 1773 omnes
147 1730 227 1773 iisdem
249 1743 312 1786 aeque
333 1733 460 1774 moventur.
481 1729 579 1773 Proinde
598 1729 688 1773 diversa
707 1730 730 1773 in

48 1793 154 1847 promptu
170 1790 253 1833 habere
265 1791 331 1834 debet
345 1790 502 1833 confessarius.
522 1790 579 1833 Sunt
593 1792 669 1832 autem
680 1803 731 1833 mo-

49 1851 99 1895 tiva
109 1850 158 1892 haec
171 1862 175 1892 :
189 1851 210 1893 1.
221 1850 315 1894 Jactura
331 1852 412 1906 gratiae
424 1854 447 1894 et
463 1849 517 1893 ritae
529 1852 633 1902 aeternae3
647 1850 665 1892 si
677 1863 732 1906 pec-

50 1913 125 1953 eatum
136 1912 170 1952 est
180 1911 276 1962 veniale,
289 1910 414 1954 retardatio
425 1909 571 1953 beatitudinis
582 1909 731 1952 demeritum·
776 1958 778 1960 ‚

47 1976 92 2026 *que
102 1969 195 2024 majoris
207 1971 295 2023 gratiae,
308 1974 331 2012 et
350 1970 402 2012 hinc
417 1982 553 2024 consequens
562 1969 685 2023 periculum
696 1970 732 2011 la-

49 2029 116 2075 bendi
134 2029 236 2084 graviter
250 2041 254 2071 ι
271 2028 318 2082 Qui
332 2031 392 2073 enim
402 2028 490 2087 apernit
505 2028 603 2079 irradian,
614 2028 731 2085 perstatim

48 2089 143 2134 decidet.
160 2088 236 2132 Eroti.
249 2101 300 2141 xix,
316 2091 336 2132 i.
355 2091 400 2134 Per
416 2090 529 2145 jacturam
544 2089 607 2131 illam
623 2089 649 2131 fit
665 2090 731 2131 homo

49 2165 77 2194 en
89 2150 135 2191 filio
145 2147 249 2191 inimicus
259 2149 299 2191 Dei
311 2152 334 2191 et
348 2149 483 2205 mancipium
502 2147 593 2201 diaboli,
605 2149 732 2192 exhaerede

50 2210 100 2253 coeli
122 2209 200 2260 miser,
217 2209 296 2260 nudus,
309 2208 360 2251 titio
379 2209 496 2251 inferni?
521 2209 591 2251 Poena
609 2208 692 2250 inferni
709 2210 732 2253 et

50 2269 178 2328 purgatorii
189 2268 334 2325 grauissima,
348 2268 430 2323 quibus
438 2269 501 2311 velut
511 2268 583 2323 judex
590 2267 732 2324 justissimus
