1577 2464
49 37 84 83 98
134 50 367 86 ΝΕο-,οοΝῈΕεεΑΒΙυε
382 51 496 86 rancrron
515 40 688 84 rusrnucrus'
755 89 757 91 ,

54 141 97 185 boc
111 141 179 186 modo
193 141 264 194 bibat,
283 156 307 185 se
327 141 404 187 sotere
422 140 497 186 decies
507 142 600 187 circiter
619 140 738 195 inebriari,

55 204 142 257 peccat,
154 202 243 258 quoties
252 201 308 246 facit
318 202 367 245 sine
379 215 439 245 noua
449 201 547 256 cautela,
559 203 614 245 licet
624 202 685 246 forte
696 216 739 245 non

53 260 193 317 inebrietur;
206 260 258 317 quia
272 260 367 316 exponit
385 273 410 304 se
423 261 516 306 formali
531 261 641 320 periculo,
658 261 739 306 saltem

55 321 176 378 probabili,
189 334 214 366 se
226 320 361 375 inebriandi.
373 321 397 366 7.
409 320 510 366 Mortale
525 325 569 375 est,
589 334 613 365 se
625 321 740 365 inebriare

29 403 30 406 =
52 380 127 436 fumo,
140 381 228 436 tabaco,
240 381 341 426 cubando
351 381 374 424 in
385 380 472 438 lupulo,
484 381 537 438 quia
546 382 578 426 sic
590 381 659 426 etiam
671 395 740 425 ever-

22 469 24 473 ·
55 441 114 486 titur
123 442 191 496 ratio,
208 445 233 495 et
247 442 352 497 proxima
365 441 414 498 ejus
425 442 542 500 potentias
552 442 607 486 Haec
617 441 740 486 inebriatio

57 502 130 559 specie
145 500 293 558 distinguitur
302 501 330 546 ab
342 513 378 556 ea,
391 514 442 558 quae
456 515 498 559 per
512 504 591 560 potum
605 501 739 546 inducitur:

57 562 114 604 unde
129 562 152 605 in
163 561 303 605 confessione
317 561 451 617 enplicanda
460 563 528 606 foret.
541 563 602 606 Idem
615 565 650 605 est
658 563 685 605 de
701 576 737 614 eo,

57 620 95 676 qui
106 633 163 677 pane
181 633 209 663 ex
220 621 327 677 malignis
342 620 420 676 granis
435 620 537 665 confecto
553 635 577 665 se
588 622 677 665 ratione
690 621 742 678 pri-

57 684 130 725 varet.
143 679 165 724 8.
176 679 242 724 Licet
250 680 279 724 ad
287 680 429 725 hilaritatem
440 681 532 736 bibere3
543 695 587 725 non
598 681 652 725 iicet
661 684 740 725 tamen

49 754 81 784 :se
97 739 212 784 inebriare
225 740 253 784 ad
265 740 394 798 pellendum
408 753 503 798 gravem
517 753 648 795 moerorem„
667 753 741 798 neque

53 801 85 845 ad
92 814 135 844 non
143 801 284 845 sentiendum
294 801 403 854 dolorem,
415 801 434 844 si
445 814 485 856 pes
491 805 552 845 esset
561 801 739 853 abscindendus;

52 859 109 916 *quia
124 863 191 918 potus
208 862 298 905 tantum
316 862 352 904 est
368 860 488 905 ordinarus
504 861 534 905 ad
550 860 741 905 sustentationem

57 921 119 968 vitae.
133 921 169 965 An
185 923 261 964 autem
275 920 344 965 liceat
359 934 387 965 ex
403 919 537 977 praescripto
555 920 637 966 medici
652 934 676 965 se
691 920 743 965 ine-

57 982 134 1024 briare
148 982 176 1024 ad
189 981 314 1025 curandum
324 994 419 1038 gravem
433 981 546 1034 morbum,
564 981 603 1036 qui
619 980 687 1024 aliter
700 994 742 1023 cu-

58 1041 106 1084 rari
125 1054 169 1083 non
184 1042 268 1097 potest,
289 1039 475 1085 controvertitur.
493 1041 614 1084 Affirmant
630 1038 741 1096 permulti

31 1105 32 1108 ’
54 1100 207 1157 ‘probabiliter
218 1098 247 1157 (1)
257 1102 316 1157 apud
327 1100 361 1144 La
372 1100 488 1145 Oroixtib.
499 1101 529 1155 V,
541 1114 603 1145 num.
615 1100 669 1155 320,
677 1100 738 1156 quia,

54 1160 111 1204 iicet
122 1160 235 1204 inebriare
247 1174 271 1203 se
287 1160 412 1216 voluptatis
428 1172 496 1204 causa
512 1161 543 1205 sit
553 1160 676 1204 intrinsece
687 1173 740 1205 ma-

57 1221 105 1264 lum
116 1221 227 1275 absolute,
240 1224 263 1264 et
278 1220 300 1263 in
313 1220 373 1265 omni
390 1233 455 1275 casu;
471 1222 612 1276 nontamen,
625 1220 643 1265 si
655 1220 696 1264 fiat
711 1220 739 1264 ad

57 1281 130 1323 vitam
144 1282 337 1333 conservandam
355 1281 422 1333 siout,
439 1280 494 1322 licet
507 1280 538 1322 sit
548 1281 671 1323 intrinsece
687 1292 739 1322 ma-

56 1340 104 1384 tum
116 1339 159 1383 sibi
176 1353 267 1383 manum
275 1339 313 1383 rel
323 1339 441 1384 brachium
451 1338 590 1396 abscindere,
600 1342 737 1393 nontamen,

21 1433 23 1435 ·
58 1400 77 1445 si
87 1400 111 1443 id
127 1402 280 1445 necessarium
298 1401 329 1444 sit
345 1401 374 1444 ad
385 1401 580 1448 conservationem
597 1401 660 1444 vitae.
681 1400 738 1444 Dein

27 1497 29 1500 .
54 1459 110 1503 talis
119 1459 240 1503 inebriatio
250 1461 286 1503 est
295 1459 359 1515 quasi
368 1458 495 1502 materialis
504 1461 605 1515 tantum;
616 1458 669 1516 quia
680 1460 738 1502 tem·

34 1541 36 1543 ·
57 1519 161 1574 perantia
171 1518 285 1575 permittit
295 1520 338 1562 hoo
352 1531 450 1570 sumere,
464 1518 522 1574 quod
534 1518 628 1562 advitae
645 1530 740 1561 conser-

57 1577 172 1621 vationem
185 1581 221 1621 est
236 1576 398 1630 necessarium,
408 1579 435 1620 ut
450 1577 519 1620 habet
535 1577 559 1621 S.
578 1577 698 1631 Thomu,
715 1577 739 1631 2,

57 1639 138 1693 quaest.
151 1637 203 1693 141,
216 1640 261 1682 art.
274 1637 295 1683 6.
309 1637 368 1681 Hinc
379 1635 481 1681 inferunt
491 1636 566 1692 multi,
578 1637 648 1681 licere
658 1650 682 1681 se
693 1637 740 1682 ine-

57 1698 142 1752 briam,
158 1699 178 1742 si
193 1698 243 1754 quis
254 1697 334 1742 stricto
349 1710 402 1742 ense
420 1700 517 1741 mortem
534 1697 640 1752 intentet,
657 1697 702 1741 nisi
716 1710 740 1742 se

57 1756 155 1800 inebriet
164 1769 169 1800 :
179 1758 224 1801 imo
234 1771 285 1802 cum
296 1758 370 1800 Gobat
378 1757 445 1801 multi
454 1757 543 1810 docent,
553 1757 632 1811 licere,
645 1756 740 1801 sialiter

57 1816 135 1860 caveri
146 1829 189 1860 non
201 1817 272 1873 possit
282 1815 360 1873 gravis
371 1816 472 1861 morbus.
479 1816 511 1861 At
521 1816 679 1861 contradicunt
690 1816 739 1871 aiii,

57 1875 111 1934 quia
116 1875 216 1932 privatio
222 1877 318 1921 rationis
327 1890 372 1921 non
382 1879 418 1920 est
428 1877 593 1921 mediumexsc
600 1876 738 1931 ordinatum,

56 1936 96 1980 rel
105 1936 294 1980 medicamentum
304 1938 332 1981 ad
342 1936 397 1979 vitae
408 1935 613 1991 conservationem,
625 1936 684 1981 sicut
694 1950 739 1980 non

56 1998 93 2040 est
104 1994 208 2052 pollutio,
226 1998 249 2039 et
258 1996 311 2039 hinc
322 1996 384 2039 nullo
396 2009 449 2040 casu
462 1995 539 2050 licita,
552 1995 606 2050 imo,
618 1999 678 2040 teste
687 1996 740 2053 Hy-

56 2057 159 2114 peccate,
175 2054 273 2101 ebrietas
287 2058 322 2101 est
336 2056 403 2100 valde
414 2055 542 2113 periculosa
558 2055 660 2114 corporis
677 2056 740 2116 sani*

56 2116 109 2171 tati,
126 2128 168 2160 nec
183 2115 243 2160 ratio
258 2116 329 2160 allate
344 2115 435 2157 videtur
450 2115 598 2172 convincere3
617 2116 671 2176 quia
687 2128 741 2173 pars

78 2246 105 2298 ,ur
115 2249 141 2287 cr.
150 2251 169 2287 s,
178 2248 231 2297 Alpi.
242 2248 260 2295 2,
271 2246 300 2285 ra.
310 2258 328 2299 q,
338 2247 354 2286 ι,
376 2276 377 2279 ,
