1577 2464
291 100 353 129 enies
365 99 393 138 115
417 96 494 127 carun*
505 98 567 127 vr..
706 84 745 127 191

64 183 148 233 ==diebus
161 184 227 229 festis
243 185 348 230 audiendi
360 198 468 238 sacrum,
483 184 661 243 ncnglaborenct
674 185 751 228 servi-
772 204 774 206 ·

69 244 131 298 liter,
144 245 271 289 abstinendi
287 244 510 290 acanthusdiebus
528 243 618 298 vetitis3
631 243 654 286 in
670 244 750 300 horum

59 310 145 348 ⁹autem
155 307 221 349 valde
235 305 349 360 frequenti
362 306 484 349 violatione
495 318 538 348 non
551 307 695 359 excusantur,
708 303 751 348 nisi

61 366 98 407 ,ob
110 378 180 419 graue
193 366 366 422 incommodum,
380 366 448 421 quale
459 365 527 418 foret,
541 365 613 407 sinon
627 367 702 419 posset
713 364 752 406 ha·

60 423 118 466 ¹heri
132 425 234 468 dominus
250 424 382 478 catholicus,
394 428 433 467 aut
443 437 457 467 a
467 438 510 480 quo
520 437 564 466 non
574 424 695 478 acciperet,
708 422 752 465 nisi

59 499 60 504 ¹
71 483 187 526 dimidium
201 484 317 527 salarium.
330 485 398 527 Aliud
410 484 479 536 foret,
490 484 509 526 si
520 497 573 526 raro
587 482 752 538 impediremur

71 556 85 586 a
106 556 169 586 sacro
195 546 218 586 et
237 543 298 586 allud
316 543 373 586 nihil
389 542 569 599 obstaretpquia
587 545 610 586 et
626 556 639 584 a
657 540 752 584 dominis

71 602 188 645 catholicis
199 603 331 659 quandoque
345 603 507 661 impediuntur.
521 603 545 647 si
557 602 652 659 singulis
666 600 753 645 mensi-

72 662 113 705 bus
122 662 156 707 bis
172 662 337 718 impedirentur
347 663 375 708 ab
395 663 509 708 auditione
525 662 592 713 sacri,
607 663 753 718 impedimen·
785 717 788 722 .

71 727 120 765 tum
133 720 198 767 esset
206 723 311 779 frequens
320 722 431 780 respectu
442 724 505 777 anni,
516 723 535 767 si
553 727 628 767 tamen
643 722 665 765 id
677 734 753 765 secum

61 782 144 825 vferret
165 782 269 837 officium,
287 797 310 826 v.
332 796 367 838 gr.
386 783 408 826 si
422 784 513 826 deberet
533 782 646 826 custodire
662 794 751 836 pecore,

60 842 178 884 excubias
193 854 270 897 agere,
280 841 304 885 in
317 842 376 885 meri
392 842 501 897 navigare
516 841 583 897 longo
598 845 709 896 tempore,
718 844 754 885 ta-

73 901 192 944 bellarium
202 915 270 958 agere
284 914 325 957 per
336 902 385 946 loca
400 902 516 954 haeretica,
530 916 572 945 non
589 900 689 954 obesset3
701 898 753 955 quia

73 961 129 1004 talia
139 961 209 1005 etiam
220 961 355 1006 tantulantes
367 963 425 1019 apud
443 961 565 1005 catholicos
575 963 697 1005 excusant.
710 959 753 1010 oui

62 1065 64 1068 ,
73 1035 103 1064 ex
113 1021 216 1078 legitima
225 1036 292 1066 eausa
301 1022 529 1066 farnulatumaddinit
538 1023 628 1065 domino
635 1021 752 1075 haeretico,

74 1082 139 1137 eique
150 1086 317 1140 apponerentur
328 1083 497 1131 carnesdiebus
511 1082 599 1134 vetitis,
611 1095 655 1125 non
666 1084 755 1124 tenere·
783 1096 785 1098 ·

61 1144 112 1184 v-tur
121 1142 210 1197 quidem
223 1143 270 1186 solo
285 1155 342 1198 pane
354 1155 403 1186 esse
418 1144 544 1195 contentus,
556 1142 595 1184 sed
606 1140 755 1198 possetvesei

61 1203 188 1253 carnibus,
201 1215 252 1243 cum
264 1203 427 1256 protestatione
442 1204 527 1252 tamen,
540 1203 597 1255 quod
610 1215 637 1242 ex
656 1200 756 1243 necessi-

73 1260 122 1320 tate
133 1259 211 1318 iaciat,
223 1259 316 1316 ideoque
328 1261 474 1316 permittatur
484 1261 511 1303 ab
521 1259 630 1310 Ecclesia.
643 1259 668 1303 Si
678 1262 755 1304 tamen

64 1319 170 1364 1»halreret
179 1334 247 1364 unum
257 1320 366 1364 ferculum
378 1321 475 1364 esuriale
487 1326 665 1376 praeterpanem,
676 1319 755 1363 illicite

74 1382 206 1423 vesceretur
217 1377 333 1434 carnibus3
346 1381 399 1436 quia
414 1380 492 1423 famuli
505 1380 573 1422 etiam
589 1381 646 1436 apud
658 1378 756 1423 catholi-

62 1452 112 1496 ,cos
123 1440 201 1483 diebus
218 1440 353 1484 esurialibus
368 1441 478 1496 ejusmodi
490 1441 571 1484 debent
582 1453 631 1484 esse
646 1438 751 1483 contenti

64 1498 154 1554 Neque
170 1504 263 1544 excusat
275 1500 405 1556 *periculum
420 1500 545 1554 irrisionis;
558 1501 597 1543 sed
613 1499 751 1544 necessitas:

75 1559 116 1611 ita,
128 1562 153 1604 ut
163 1560 211 1602 vita
223 1560 290 1604 aliter
302 1574 343 1604 non
352 1560 427 1617 possit
437 1560 543 1604 sustineri
557 1562 580 1603 et
590 1559 654 1603 labor
667 1559 753 1614 debitus

76 1619 162 1674 peragi.
173 1619 252 1674 Neque
263 1620 318 1663 licet
329 1634 357 1663 ex
368 1620 485 1663 voluntate
497 1619 580 1663 domini
594 1619 628 1662 sui
640 1617 753 1674 cooperari

76 1679 106 1721 ad
120 1678 225 1732 haeresin,
241 1692 264 1720 v.
285 1692 321 1733 gr,
334 1680 461 1722 ministeria
477 1679 505 1722 ad
520 1678 618 1722 haeresin
629 1677 768 1736 spectantia⁴

63 1736 246 1793 .=0rdinare‚“etc.
257 1737 291 1780 La
302 1738 400 1792 Oroix,l.
414 1739 444 1787 ΙΙ,
455 1754 477 1781 n.
492 1738 542 1782 108.

107 1798 143 1841 16.
155 1813 182 1831 ²—
192 1798 290 1842 Peccant
298 1798 386 1853 famuli,
398 1799 417 1843 si
425 1798 509 1842 directe
521 1798 656 1852 formaliter,
665 1800 704 1842 aut
711 1809 755 1841 mo·

77 1858 158 1901 raliter
169 1859 271 1914 proxime
282 1858 344 1901 heris
356 1859 403 1902 suis
413 1862 562 1916 cooperentur
570 1860 598 1916 'ad
610 1859 756 1915 peccandum,

76 1930 99 1962 r.
118 1932 153 1974 gr.
172 1919 192 1963 si
209 1919 355 1962 concubinam
372 1920 505 1975 conducant,
522 1916 621 1962 invitent
637 1916 665 1962 ad
682 1922 757 1962 actum

76 1979 175 2032 turpem,
188 1978 278 2022 litteras
290 1980 317 2021 ad
329 1991 378 2020 eam
388 1978 500 2030 deferant,
513 1992 568 2034 quas
583 1978 657 2022 sciunt
667 1980 756 2032 turpem

78 2038 193 2080 continere
209 2049 309 2080 amorem
321 2036 365 2094 (ll;
378 2037 431 2092 quia
443 2037 475 2080 sic
485 2037 661 2093 interpretative
673 2036 757 2079 vellent

78 2100 203 2150 peccatum.
216 2097 290 2140 Licite
305 2101 381 2141 tamen
393 2100 488 2152 possunt
503 2097 579 2139 tacere
595 2095 757 2147 indifferentia,

78 2169 128 2214 quae
149 2160 236 2201 remote
251 2161 340 2202 tantum
351 2170 375 2202 se
387 2157 415 2201 ad
427 2161 543 2214 peccatum
555 2158 639 2202 hahent
653 2160 676 2201 et
687 2156 715 2200 iis
729 2168 757 2199 ex

101 2286 126 2335 n)
136 2288 161 2323 cr.
171 2288 190 2324 s.
200 2290 253 2335 npn.
265 2289 282 2334 a,
291 2276 325 2326 cn
