1577 2464
253 43 321 76 ruas,
334 43 368 85 111,
392 41 493 89 cxrurr
667 28 714 76 235

32 134 92 181 alias.
108 132 212 188 promisit
226 135 249 175 et
264 133 332 176 fidem
347 131 441 182 ieseliit;
454 130 506 184 quia
522 130 581 176 sola,
591 134 712 186 praesentia

32 193 135 235 mulieris
155 194 209 246 apta
226 194 260 233 est
278 203 317 233 cor
333 190 431 231 hominis
450 188 565 231 libidinosi
582 189 711 246 immutare,

32 252 131 308 adeoque
143 265 183 295 nec
194 251 242 307 ipse
254 251 297 295 sibi
308 250 497 307 crederepotest,
512 248 650 305 praesertim,
663 264 713 295 cum

32 324 97 356 amor
111 312 221 355 naturalis
236 314 259 354 et
276 323 319 353 non
336 310 417 363 malus,
434 309 453 352 si
471 308 566 352 nimium
583 321 714 354 excrescere

32 372 129 426 sinatur,
142 373 249 428 quosdam
262 371 295 414 ita
306 373 412 426 occupet,
425 372 451 413 ut
461 373 557 425 persona
569 372 645 413 amata
659 383 715 413 con-

31 432 95 477 tinuo
110 434 252 484 observetur,
265 435 288 474 et
305 431 392 474 animus
403 430 568 486 quodammodo
580 429 712 474 fascinatur.

31 493 97 536 Unde
105 496 166 536 recte
175 491 232 535 dixit
242 492 265 534 S.
275 490 410 534 Franciscus
418 490 541 544 Xaverius,
549 489 622 546 Epist.
630 490 652 544 l,
663 504 715 535 cum

31 553 160 596 hominibus
171 552 252 594 horum
263 553 401 594 tractatuum
413 553 460 594 tam
472 550 583 607 promptis
593 552 616 594 et
628 550 714 595 libera·

31 612 91 664 libus
108 613 137 655 ad
159 610 301 665 obligandam
320 610 397 663 fidem,
420 623 487 666 quam
504 611 532 653 ad
550 609 713 654 exsolvendum

31 671 104 716 tardis
114 674 137 715 et
148 671 263 727 segnibus,
276 684 327 713 cum
342 671 411 713 arrha
423 669 594 725 transigendum
606 683 655 713 esse
664 682 674 713 s:
691 670 714 714 id

32 735 76 785 est,
89 733 165 775 datam
181 731 248 774 iidem
260 731 320 774 facto
336 731 470 773 firmandam
488 731 516 772 ab
532 730 578 773 illis
593 742 651 773 esse.
666 728 727 774 Nec'

33 794 85 845 ante
97 792 232 835 credendum
244 790 361 847 lacrymis,
372 790 404 833 ait
414 791 438 834 S.
451 790 549 832 Thomas
559 803 573 832 a
581 789 712 845 Villanova‚

33 852 108 896 Serm.
121 864 153 907 vi,
164 853 223 908 post.
236 850 376 895 Dominicam
386 851 408 905 l,
421 850 549 906 Quadrag.;
562 851 601 894 sed
615 849 714 894 firmiter

32 913 163 959 tenendum,
172 911 220 962 rix,
230 914 270 955 aut
279 926 306 954 ne
316 910 355 954 vix
364 925 441 964 unum,
453 910 490 966 qui
498 910 638 954 mulierculae
647 910 714 955 coha-

32 972 245 1026 bitantialiquoties
257 971 374 1015 mortifere
386 970 516 1024 adhaeserit,
527 970 581 1014 licet
591 984 629 1014 res
640 971 713 1026 turpis

33 1032 126 1074 necdum
153 1031 235 1074 abierit
260 1030 283 1073 in
308 1030 491 1073 consuetudinem
513 1032 553 1092 aut
574 1029 713 1073 occasionem

33 1092 169 1148 proximam,
178 1091 341 1133 emendandum
359 1090 402 1133 nisi
413 1103 454 1149 per
469 1089 648 1144 separationem3
661 1090 714 1146 quia

33 1152 119 1209 peccati
142 1160 165 1194 et
176 1150 332 1194 delectationis
348 1150 466 1203 memoria,
485 1150 567 1204 objecti
581 1150 712 1206 praesentia,

33 1212 135 1270 pronitas
146 1212 168 1254 in
187 1211 250 1265 talia,
264 1211 426 1254 insensibiliter
440 1224 479 1254 cor
495 1210 605 1266 ejusmodi
617 1211 714 1255 hominis

34 1273 160 1321 emolliunt,
173 1271 225 1315 Dixi
242 1274 319 1315 tamen
333 1283 337 1314 :
352 1271 400 1316 Per
416 1283 439 1316 oe
455 1269 564 1327 loquendo
570 1288 580 1323 ;
597 1284 649 1313 nam
660 1285 715 1327 pos-

34 1333 144 1376 sentesse
156 1330 341 1383 circumstantiae,
354 1330 377 1372 in
389 1330 469 1385 quibus
478 1329 589 1372 absolutio
598 1329 658 1373 foret
668 1330 714 1373 im-

34 1391 164 1448 pertienda,
175 1394 207 1445 ut,
219 1390 238 1433 si
247 1386 359 1446 poenitens
371 1393 432 1433 esset
440 1389 463 1432 in
473 1388 569 1432 articulo
578 1389 667 1444 mortis,
677 1390 714 1434 vel

35 1451 134 1494 evidenti
146 1450 194 1504 ejus
206 1452 314 1506 periculo,
324 1463 364 1492 nec
374 1453 450 1505 posset
460 1449 497 1492 hic
509 1453 531 1491 et
542 1463 608 1501 nunc,
620 1452 713 1504 paratus

34 1512 111 1554 tamen
128 1509 239 1566 proxime,
257 1509 396 1553 occasionem
413 1522 527 1563 amovere,
540 1509 577 1551 vel
595 1509 713 1565 deserere3

35 1571 88 1628 quia
97 1569 203 1614 credibile
211 1573 255 1623 est,
266 1571 345 1613 adesse
356 1570 441 1613 serium
450 1569 590 1626 propositum
598 1583 647 1612 eam
654 1583 714 1613 amo-

34 1631 111 1674 vendi.
124 1630 195 1684 Quod,
215 1629 234 1671 si
252 1630 339 1673 occasio
357 1632 418 1673 esset
433 1630 564 1672 cohabitans
580 1629 671 1685 mulier,
692 1632 715 1674 et
749 1663 751 1666 ψ

35 1691 148 1747 poenitens
160 1690 291 1733 crederetur
299 1703 342 1732 non
351 1690 428 1733 statim
438 1690 571 1736 moriturus,
582 1689 716 1745 obligandus

36 1752 105 1804 esset,
118 1763 161 1794 non
173 1748 271 1805 quidem,
283 1751 316 1802 ut,
329 1749 407 1792 sisino
418 1749 484 1806 gravi
500 1748 593 1792 infamia
602 1750 640 1792 vel
649 1763 715 1793 scan·
773 1806 774 1809 Ἰ

37 1811 88 1854 dale
101 1809 152 1853 fieri
163 1811 302 1867 nonposset,
319 1809 396 1853 statim
412 1823 461 1853 eam
472 1809 603 1866 expelleret,
617 1811 655 1853 sed
672 1811 716 1854 ali-

37 1884 105 1927 quam
115 1884 156 1927 pro
165 1869 405 1925 se·peregrinati0nem
415 1869 529 1926 suscipere
538 1870 638 1925 juberet,
649 1875 717 1927 atque

37 1932 71 1988 ita
82 1932 186 1989 aspectus
197 1932 220 1973 et
235 1929 372 1974 tentationes
383 1930 520 1975 vitarentur.
533 1931 598 1986 Dein,
613 1931 631 1974 si
643 1931 717 1987 poeni÷

37 1995 89 2034 tens
100 1991 237 2047 ignorasset,
250 1993 366 2047 peccatum
378 2004 436 2044 esse,
452 2005 544 2034 manere
555 1991 578 2033 in
593 1992 716 2046 occasione,

38 2053 79 2095 am
89 2051 147 2093 hanc
158 2053 261 2106 putasset
272 2064 315 2094 non
327 2062 376 2092 esse
387 2051 523 2110 proximam,
532 2055 571 2096 aut
580 2052 663 2096 saltem
675 2066 718 2095 non

41 2124 90 2155 esse
107 2109 267 2166 obligationem
283 2110 346 2166 illam
365 2114 412 2158 tam
431 2111 476 2156 cito
492 2112 595 2169 tollendi,
612 2112 654 2155 hoo
667 2125 718 2157 casu

40 2174 116 2228 posset
127 2171 200 2226 prima
211 2171 261 2213 vice
273 2170 367 2226 absolut,
379 2171 468 2228 saltem,
480 2173 499 2213 si
509 2173 596 2218 occasio
606 2186 648 2215 non
660 2176 720 2213 esset

39 2230 129 2275 mulier.
143 2229 168 2275 Si
180 2232 256 2274 autem
274 2229 344 2274 vellet
361 2228 434 2274 altera
450 2229 500 2275 vice
519 2231 614 2285 absolvi,
632 2230 721 2274 sublata
