1577 2464
79 112 81 121 t
211 85 227 105 ³
249 63 260 71 ”
291 70 542 128 ρΑηε--ιι’,σΑι>υτιῑ,
606 77 608 79 ’
699 75 741 120 121

62 178 118 228 Quia
131 178 191 226 Dens
203 174 323 226 revelarit,
336 173 421 228 quiesi
436 176 522 216 aeterna
537 173 648 228 sapientia
667 178 690 217 et
700 189 743 229 ue-¹

62 239 128 288 ritas,
144 237 237 288 iile-:oque
250 247 290 274 nero
305 232 393 282 lallare,
411 245 452 273 uec
466 231 515 273 salli
526 235 610 287 potest.
629 232 743 290 Numquid

62 295 135 340 eredis
157 296 226 338 Deum
242 306 291 336 ease
304 305 371 335 unum
384 294 481 344 tautum,
494 293 518 335 et
532 295 579 335 tres
590 292 678 336 divinas
691 308 743 349 per-

62 354 144 398 sonas?
160 355 239 398 Credo.
253 354 307 400 Quae
324 366 351 393 ex
363 351 408 393 illis
420 350 521 406 personis
537 350 598 394 facta
617 357 652 394 est
668 353 743 408 homo,

62 419 88 458 ut
106 428 146 458 nos
166 409 303 456 redimeret?
321 412 430 455 Secunda.
449 411 564 461 Quomodo
579 413 674 455 vocatur
691 412 744 469 Salf

62 479 129 518 vator
140 471 231 517 noster?
251 472 342 515 JESUS
357 471 469 515 Christus.
489 471 548 520 Quid
564 484 652 528 passus,
667 474 692 516 ut
704 486 745 518 nos

31 569 33 575 Α
62 535 186 579 redimeret
193 532 304 576 lllortem
313 532 390 575 Crucis
399 545 439 588 pro
451 530 514 574 nobis
521 530 618 574 libenter
626 533 742 576 sustinuit.

62 593 177 649 Numquid
189 607 242 648 ergo
253 596 352 634 rueretur
364 591 449 635 anobis
459 590 547 635 amari?
557 592 661 636 Meretur
672 594 744 636 amari

63 661 130 709 snper
149 654 231 695 omnia.
257 653 410 695 Possumusne
431 651 516 694 salvari
539 652 587 694 sine
608 652 683 707 gratia
704 667 744 708 per

63 712 193 758 Christum?
201 712 251 755 Non
262 726 386 767 possumus.
395 712 509 767 Numquid
518 711 566 755 haec
575 710 651 757 omnia
660 713 743 768 credis⁷

62 773 115 829 quia
134 774 194 816 Deus
211 770 284 815 diuiti
295 772 374 816 Credo.
394 771 449 819 Quis
460 776 483 814 te
500 771 596 825 creavit,
614 777 742 827 conservat,

63 838 86 877 et
98 834 137 876 dat
146 830 237 875 omnia?
248 833 316 876 Deus.
333 830 393 876 Curi
409 833 441 875 Ut
452 831 486 873 illi
497 831 605 885 serviam,
618 835 641 875 et
653 831 743 876 taudem

63 893 140 936 salvus
151 893 212 935 fiam.
230 891 288 941 Quid
299 892 358 935 Deus
373 891 486 948 promisit,
504 895 527 934 et
538 894 631 947 paratus
642 895 677 935 est
688 893 743 937 darc

63 953 117 1006 illis,
130 952 168 1009 qui
182 952 225 1009 ipsi
241 950 358 995 serviunt?
373 950 467 996 Ocelum.
486 951 601 1008 Numquid
616 965 703 1010 speras,
722 956 744 997 le

63 1016 184 1057 venturum
194 1012 222 1055 ad
230 1011 332 1055 Caelum?
342 1012 422 1067 Spero.
434 1010 493 1055 (luri
503 1012 560 1059 Quia
571 1012 675 1067 promisit
683 1014 743 1057 Deus

63 1073 106 1115 sibi
126 1072 296 1117 servientibus:
312 1072 372 1115 Deus
395 1072 430 1114 est
447 1070 595 1126 omnipotens,
612 1075 635 1115 et
653 1072 742 1127 fidelis3

62 1134 138 1189 potest
149 1132 211 1179 clare,
224 1133 248 1174 et
259 1144 302 1173 non
313 1132 389 1187 potest
400 1143 492 1186 negare,
501 1132 559 1186 quod
569 1131 681 1187 promisit.
695 1132 743 1176 Po-

62 1195 137 1235 testne
149 1191 234 1247 aliquid
244 1190 325 1234 melius
340 1203 398 1243 esse,
413 1190 451 1233 vel
467 1190 572 1244 cogitari,
585 1204 652 1245 qnam
669 1190 744 1235 Deus?

63 1250 114 1294 Non
122 1249 199 1308 potest
211 1263 216 1293 ι
228 1248 268 1292 ille
278 1252 313 1293 est
324 1262 436 1293 summum
446 1251 469 1291 et
479 1262 544 1292 omne
551 1250 646 1303 bonum;
659 1253 682 1294 et
692 1250 743 1294 ideo

63 1310 122 1354 omni
142 1322 219 1353 amor-e
231 1308 384 1366 dignissimus.
401 1308 459 1357 Quid
472 1308 541 1367 faciet
556 1309 616 1354 Deus
630 1307 686 1364 illis,
705 1310 743 1367 qui

62 1369 136 1426 ipsum
149 1384 192 1414 non
203 1372 293 1423 amant,
310 1370 348 1413 sed
365 1369 463 1426 puocatis
474 1368 597 1423 offendunt,
617 1371 641 1414 et
651 1370 744 1414 inhono-

57 1429 129 1474 vnanti
141 1431 183 1479 Qui
195 1432 312 1486 peceatum
322 1442 394 1486 grave
404 1428 498 1483 faciunt,
508 1432 531 1473 et
540 1429 689 1485 poenitentian
699 1444 742 1473 non

62 1493 142 1546 agunt,
158 1488 210 1532 illos
224 1489 303 1546 puniet
320 1488 426 1532 infernali
443 1488 496 1544 igne
512 1488 534 1532 in
548 1492 672 1545 aeternum;
691 1489 743 1534 illos

62 1562 126 1604 vero,
139 1550 177 1606 qni
194 1553 288 1607 peccant
303 1549 431 1604 venialiter,
443 1549 509 1605 punit
523 1548 545 1592 in
560 1550 602 1593 hac
613 1549 670 1605 vita,
687 1550 743 1595 etin

62 1609 190 1666 purgatorii
206 1611 259 1664 igne
275 1610 304 1653 ad
320 1613 418 1665 tempus,
438 1609 457 1652 si
468 1610 505 1651 hic
520 1624 561 1652 non
581 1609 742 1654 satisfecerint.

62 1669 147 1712 Vultne
165 1669 234 1711 etiam
253 1670 313 1712 Deus
330 1669 393 1712 nobis
410 1672 503 1723 peccata
516 1667 648 1711 remittere?
662 1669 707 1722 Ita,
725 1670 744 1714 si

62 1726 221 1785 poenitentiam
237 1740 340 1783 agamus,
353 1728 380 1771 de
398 1727 444 1771 illis
459 1728 583 1781 doleamne,
601 1732 625 1772 et
635 1729 745 1774 confiteo·
772 1780 775 1782 ‚

62 1801 122 1831 mur.
133 1787 189 1836 Quis
199 1787 372 1831 Sacramentum
383 1787 529 1831 confessionis
544 1786 659 1832 instituit?
669 1788 745 1833 Chris·

63 1851 110 1900 tuo,
124 1850 149 1892 ut
162 1860 203 1904 per
214 1846 266 1901 ejus
274 1848 365 1901 merita,
376 1850 399 1891 et
415 1847 513 1903 gratiam
527 1847 591 1892 nobis
602 1852 695 1905 peccata
705 1861 745 1892 re-

12 1948 13 1951 ,
65 1907 194 1964 mittantur.
202 1906 316 1962 Numquid
328 1920 415 1962 speras,
424 1907 467 1951 tibi
478 1910 570 1963 peccata
579 1921 619 1964 per
629 1907 744 1953 Christum

62 1966 217 2012 remittenda?
234 1968 313 2022 Spero.
332 1965 389 2010 Filil
406 1967 487 2024 Cogita
504 1981 569 2019 nunc,
589 1969 691 2023 possisne
708 1969 745 2013 in-

62 2027 122 2073 ferni
138 2028 176 2071 vel
198 2026 324 2084 purgatorii
340 2026 416 2083 ignem
438 2026 564 2072 sustinere?
582 2028 695 2072 Possesne
706 2043 746 2085 per

63 2089 213 2144 quadrantem
224 2087 320 2142 digitum
331 2088 410 2131 tenere
421 2088 444 2130 in
456 2089 549 2131 ardente
560 2089 661 2141 candela,
674 2088 712 2131 vel
722 2089 745 2131 in

22 2152 23 2155 ’
64 2149 158 2190 ardente
169 2160 225 2202 rogo
234 2144 325 2202 jacere?
336 2144 387 2188 Non
399 2159 499 2202 possum.
511 2147 626 2203 Numquid
636 2161 691 2203 ergo
700 2148 745 2190 im-

58 2207 188 2262 prudenter
198 2206 282 2259 feeisd,
295 2204 353 2261 quod
363 2205 435 2248 Deum
447 2206 577 2260 offenderis,
595 2208 618 2249 et
635 2205 745 2250 merueris

64 2265 173 2313 inaltera
189 2266 296 2312 vitatam
311 2264 415 2317 graviter
429 2265 522 2323 puniri?
539 2266 602 2317 Quod
613 2267 684 2311 Deum
700 2266 755 2310 Pa?
