<?xml version="1.0" encoding="UTF-8"?>
<!DOCTYPE html PUBLIC "-//W3C//DTD XHTML 1.0 Transitional//EN"
    "http://www.w3.org/TR/xhtml1/DTD/xhtml1-transitional.dtd">
<html xmlns="http://www.w3.org/1999/xhtml" xml:lang="en" lang="en">
 <head>
  <title>
</title>
<meta http-equiv="Content-Type" content="text/html;charset=utf-8" />
  <meta name='ocr-system' content='tesseract 3.04.00' />
  <meta name='ocr-capabilities' content='ocr_page ocr_carea ocr_par ocr_line ocrx_word'/>
</head>
<body>
  <div class='ocr_page' id='page_1' title='image "MN5128ucmf_0_0112.png"; bbox 0 0 1577 2464; ppageno 0'>
   <div class='ocr_carea' id='block_1_1' title="bbox 73 70 679 126">
    <p class='ocr_par' dir='ltr' id='par_1_1' title="bbox 73 70 679 126">
     <span class='ocr_line' id='line_1_1' title="bbox 73 70 679 126; baseline 0.005 -9"><span class='ocrx_word' id='word_1_1' title='bbox 73 70 105 117; x_wconf 83' lang='lat'>90</span> <span class='ocrx_word' id='word_1_2' title='bbox 159 86 393 118; x_wconf 75' lang='lat' dir='ltr'>uuo—cournssunrus</span> <span class='ocrx_word' id='word_1_3' title='bbox 405 86 522 126; x_wconf 24' lang='lat' dir='ltr'>,ranerius</span> <span class='ocrx_word' id='word_1_4' title='bbox 538 87 679 120; x_wconf 77' lang='lat' dir='ltr'>rusrsueuus</span> 
     </span>
    </p>
   </div>
   <div class='ocr_carea' id='block_1_2' title="bbox 72 171 758 411">
    <p class='ocr_par' dir='ltr' id='par_1_2' title="bbox 72 171 758 411">
     <span class='ocr_line' id='line_1_2' title="bbox 102 171 758 232; baseline 0.006 -15"><span class='ocrx_word' id='word_1_5' title='bbox 102 171 140 219; x_wconf 79' lang='lat'>79.</span> <span class='ocrx_word' id='word_1_6' title='bbox 153 197 183 215; x_wconf 90' lang='grc'>.-</span> <span class='ocrx_word' id='word_1_7' title='bbox 193 173 258 217; x_wconf 87' lang='lat' dir='ltr'>Unde</span> <span class='ocrx_word' id='word_1_8' title='bbox 277 174 299 229; x_wconf 80' lang='lat' dir='ltr'>l,</span> <span class='ocrx_word' id='word_1_9' title='bbox 310 173 389 218; x_wconf 73' lang='lat' dir='ltr'>illicite</span> <span class='ocrx_word' id='word_1_10' title='bbox 407 174 472 231; x_wconf 85' lang='lat' dir='ltr'>optas</span> <span class='ocrx_word' id='word_1_11' title='bbox 487 176 589 219; x_wconf 58' lang='lat' dir='ltr'>&#39;mortem</span> <span class='ocrx_word' id='word_1_12' title='bbox 604 174 719 232; x_wconf 87' lang='lat' dir='ltr'>proximo,</span> <span class='ocrx_word' id='word_1_13' title='bbox 733 178 758 222; x_wconf 91' lang='lat' dir='ltr'>ut</span> 
     </span>
     <span class='ocr_line' id='line_1_3' title="bbox 74 234 758 291; baseline 0.001 -13"><span class='ocrx_word' id='word_1_14' title='bbox 74 234 147 278; x_wconf 86' lang='lat' dir='ltr'>evites</span> <span class='ocrx_word' id='word_1_15' title='bbox 158 235 265 277; x_wconf 86' lang='lat' dir='ltr'>damnum</span> <span class='ocrx_word' id='word_1_16' title='bbox 276 235 414 289; x_wconf 81' lang='lat' dir='ltr'>particulare</span> <span class='ocrx_word' id='word_1_17' title='bbox 425 236 558 291; x_wconf 74' lang='lat' dir='ltr'>temporale.</span> <span class='ocrx_word' id='word_1_18' title='bbox 570 236 592 276; x_wconf 79' lang='lat'>2.</span> <span class='ocrx_word' id='word_1_19' title='bbox 603 235 686 278; x_wconf 82' lang='lat' dir='ltr'>Illicite</span> <span class='ocrx_word' id='word_1_20' title='bbox 694 237 758 291; x_wconf 84' lang='lat' dir='ltr'>optas</span> 
     </span>
     <span class='ocr_line' id='line_1_4' title="bbox 72 292 754 351; baseline 0 -14"><span class='ocrx_word' id='word_1_21' title='bbox 72 292 116 337; x_wconf 87' lang='lat' dir='ltr'>tibi</span> <span class='ocrx_word' id='word_1_22' title='bbox 125 295 234 348; x_wconf 81' lang='lat' dir='ltr'>nrurtem,</span> <span class='ocrx_word' id='word_1_23' title='bbox 246 296 272 337; x_wconf 92' lang='lat' dir='ltr'>ut</span> <span class='ocrx_word' id='word_1_24' title='bbox 284 292 388 337; x_wconf 85' lang='lat' dir='ltr'>libereris</span> <span class='ocrx_word' id='word_1_25' title='bbox 399 294 466 346; x_wconf 91' lang='lat' dir='ltr'>tussi,</span> <span class='ocrx_word' id='word_1_26' title='bbox 478 295 566 338; x_wconf 83' lang='lat' dir='ltr'>modico</span> <span class='ocrx_word' id='word_1_27' title='bbox 578 294 655 338; x_wconf 87' lang='lat' dir='ltr'>dolore</span> <span class='ocrx_word' id='word_1_28' title='bbox 667 295 754 351; x_wconf 86' lang='lat' dir='ltr'>eapitis.</span> 
     </span>
     <span class='ocr_line' id='line_1_5' title="bbox 72 352 755 411; baseline 0.001 -14"><span class='ocrx_word' id='word_1_29' title='bbox 72 353 96 397; x_wconf 87' lang='lat'>3.</span> <span class='ocrx_word' id='word_1_30' title='bbox 103 353 185 396; x_wconf 82' lang='lat' dir='ltr'>illicite</span> <span class='ocrx_word' id='word_1_31' title='bbox 196 354 281 409; x_wconf 82' lang='lat' dir='ltr'>gaudet</span> <span class='ocrx_word' id='word_1_32' title='bbox 291 352 351 396; x_wconf 88' lang='lat' dir='ltr'>filius</span> <span class='ocrx_word' id='word_1_33' title='bbox 360 353 387 395; x_wconf 86' lang='lat' dir='ltr'>de</span> <span class='ocrx_word' id='word_1_34' title='bbox 396 356 470 396; x_wconf 86' lang='lat' dir='ltr'>morte</span> <span class='ocrx_word' id='word_1_35' title='bbox 480 354 561 410; x_wconf 88' lang='lat' dir='ltr'>patris,</span> <span class='ocrx_word' id='word_1_36' title='bbox 574 356 613 398; x_wconf 90' lang='lat' dir='ltr'>aut</span> <span class='ocrx_word' id='word_1_37' title='bbox 622 367 672 398; x_wconf 88' lang='lat' dir='ltr'>earn</span> <span class='ocrx_word' id='word_1_38' title='bbox 684 358 755 411; x_wconf 88' lang='lat' dir='ltr'>optat,</span> 
     </span>
    </p>
   </div>
   <div class='ocr_carea' id='block_1_3' title="bbox 32 412 766 2324">
    <p class='ocr_par' dir='ltr' id='par_1_3' title="bbox 32 412 766 2324">
     <span class='ocr_line' id='line_1_6' title="bbox 73 412 759 471; baseline 0 -14"><span class='ocrx_word' id='word_1_39' title='bbox 73 413 101 457; x_wconf 90' lang='lat' dir='ltr'>ob</span> <span class='ocrx_word' id='word_1_40' title='bbox 118 412 226 470; x_wconf 79' lang='lat' dir='ltr'>pinguem</span> <span class='ocrx_word' id='word_1_41' title='bbox 240 413 397 457; x_wconf 86' lang='lat' dir='ltr'>haereditatem</span> <span class='ocrx_word' id='word_1_42' title='bbox 414 412 458 469; x_wconf 88' lang='lat' dir='ltr'>ipsi</span> <span class='ocrx_word' id='word_1_43' title='bbox 477 414 635 469; x_wconf 72' lang='lat' dir='ltr'>obtenturam,</span> <span class='ocrx_word' id='word_1_44' title='bbox 651 414 703 471; x_wconf 87' lang='lat' dir='ltr'>quia</span> <span class='ocrx_word' id='word_1_45' title='bbox 717 415 759 458; x_wconf 84' lang='lat' dir='ltr'>bo-</span> 
     </span>
     <span class='ocr_line' id='line_1_7' title="bbox 42 473 759 532; baseline 0 -14"><span class='ocrx_word' id='word_1_46' title='bbox 42 494 45 510; x_wconf 74' lang='lat'><strong>:</strong></span> <span class='ocrx_word' id='word_1_47' title='bbox 73 486 127 518; x_wconf 90' lang='lat' dir='ltr'>num</span> <span class='ocrx_word' id='word_1_48' title='bbox 143 473 218 518; x_wconf 87' lang='lat' dir='ltr'>miuus</span> <span class='ocrx_word' id='word_1_49' title='bbox 234 473 355 531; x_wconf 78' lang='lat' dir='ltr'>praefertur</span> <span class='ocrx_word' id='word_1_50' title='bbox 371 473 461 529; x_wconf 87' lang='lat' dir='ltr'>majori.</span> <span class='ocrx_word' id='word_1_51' title='bbox 479 475 501 519; x_wconf 88' lang='grc'>4,</span> <span class='ocrx_word' id='word_1_52' title='bbox 519 473 592 519; x_wconf 85' lang='lat' dir='ltr'>Lieite</span> <span class='ocrx_word' id='word_1_53' title='bbox 610 478 677 532; x_wconf 89' lang='lat' dir='ltr'>pater</span> <span class='ocrx_word' id='word_1_54' title='bbox 694 478 759 531; x_wconf 86' lang='lat' dir='ltr'>optat</span> 
     </span>
     <span class='ocr_line' id='line_1_8' title="bbox 72 533 760 590; baseline 0 -13"><span class='ocrx_word' id='word_1_55' title='bbox 72 533 119 577; x_wconf 84' lang='lat' dir='ltr'>filio</span> <span class='ocrx_word' id='word_1_56' title='bbox 137 537 236 577; x_wconf 87' lang='lat' dir='ltr'>mortem</span> <span class='ocrx_word' id='word_1_57' title='bbox 257 547 315 575; x_wconf 89' lang='lat' dir='ltr'>nune</span> <span class='ocrx_word' id='word_1_58' title='bbox 334 533 357 574; x_wconf 92' lang='lat' dir='ltr'>iu</span> <span class='ocrx_word' id='word_1_59' title='bbox 379 535 464 587; x_wconf 82' lang='lat' dir='ltr'>gratia,</span> <span class='ocrx_word' id='word_1_60' title='bbox 474 546 544 589; x_wconf 80' lang='lat' dir='ltr'>quem</span> <span class='ocrx_word' id='word_1_61' title='bbox 565 538 628 577; x_wconf 85' lang='lat' dir='ltr'>uerte</span> <span class='ocrx_word' id='word_1_62' title='bbox 646 535 760 590; x_wconf 79' lang='lat' dir='ltr'>praevidet</span> 
     </span>
     <span class='ocr_line' id='line_1_9' title="bbox 52 591 760 650; baseline 0 -14"><span class='ocrx_word' id='word_1_63' title='bbox 52 603 53 606; x_wconf 73' lang='grc'>’</span> <span class='ocrx_word' id='word_1_64' title='bbox 73 592 176 636; x_wconf 82' lang='lat' dir='ltr'>futurum</span> <span class='ocrx_word' id='word_1_65' title='bbox 188 593 323 650; x_wconf 84' lang='lat' dir='ltr'>improbum.</span> <span class='ocrx_word' id='word_1_66' title='bbox 337 593 360 636; x_wconf 84' lang='lat'>5.</span> <span class='ocrx_word' id='word_1_67' title='bbox 372 591 446 635; x_wconf 88' lang='lat' dir='ltr'>Lioite</span> <span class='ocrx_word' id='word_1_68' title='bbox 454 597 507 648; x_wconf 88' lang='lat' dir='ltr'>opto</span> <span class='ocrx_word' id='word_1_69' title='bbox 519 596 616 637; x_wconf 88' lang='lat' dir='ltr'>mortem</span> <span class='ocrx_word' id='word_1_70' title='bbox 627 593 708 638; x_wconf 83' lang='lat' dir='ltr'>Tureae</span> <span class='ocrx_word' id='word_1_71' title='bbox 720 607 760 649; x_wconf 83' lang='lat' dir='ltr'>po·</span> 
     </span>
     <span class='ocr_line' id='line_1_10' title="bbox 32 650 758 707; baseline -0.001 -11"><span class='ocrx_word' id='word_1_72' title='bbox 32 669 34 671; x_wconf 49' lang='lat'><strong><em>¹</em></strong></span> <span class='ocrx_word' id='word_1_73' title='bbox 73 651 127 705; x_wconf 89' lang='lat' dir='ltr'>tius,</span> <span class='ocrx_word' id='word_1_74' title='bbox 141 666 208 707; x_wconf 87' lang='lat' dir='ltr'>quam</span> <span class='ocrx_word' id='word_1_75' title='bbox 223 656 247 695; x_wconf 87' lang='lat' dir='ltr'>ut</span> <span class='ocrx_word' id='word_1_76' title='bbox 262 653 338 695; x_wconf 89' lang='lat' dir='ltr'>vineat</span> <span class='ocrx_word' id='word_1_77' title='bbox 351 650 472 707; x_wconf 86' lang='lat' dir='ltr'>imperium</span> <span class='ocrx_word' id='word_1_78' title='bbox 486 666 613 707; x_wconf 84' lang='lat' dir='ltr'>romanum,</span> <span class='ocrx_word' id='word_1_79' title='bbox 626 653 664 695; x_wconf 90' lang='lat' dir='ltr'>vel</span> <span class='ocrx_word' id='word_1_80' title='bbox 677 654 758 696; x_wconf 82' lang='lat' dir='ltr'>Euole-</span> 
     </span>
     <span class='ocr_line' id='line_1_11' title="bbox 74 710 758 769; baseline 0.001 -14"><span class='ocrx_word' id='word_1_81' title='bbox 74 712 139 764; x_wconf 86' lang='lat' dir='ltr'>siam,</span> <span class='ocrx_word' id='word_1_82' title='bbox 150 712 202 767; x_wconf 86' lang='lat' dir='ltr'>quin</span> <span class='ocrx_word' id='word_1_83' title='bbox 220 712 302 754; x_wconf 86' lang='lat' dir='ltr'>bunum</span> <span class='ocrx_word' id='word_1_84' title='bbox 318 710 437 768; x_wconf 72' lang='lat' dir='ltr'>spirituale</span> <span class='ocrx_word' id='word_1_85' title='bbox 454 713 584 769; x_wconf 86' lang='lat' dir='ltr'>temporali,</span> <span class='ocrx_word' id='word_1_86' title='bbox 603 715 626 756; x_wconf 90' lang='lat' dir='ltr'>et</span> <span class='ocrx_word' id='word_1_87' title='bbox 643 712 758 769; x_wconf 76' lang='lat' dir='ltr'>publicum</span> 
     </span>
     <span class='ocr_line' id='line_1_12' title="bbox 73 770 759 830; baseline 0.001 -16"><span class='ocrx_word' id='word_1_88' title='bbox 73 772 164 830; x_wconf 86' lang='lat' dir='ltr'>privato</span> <span class='ocrx_word' id='word_1_89' title='bbox 177 771 294 827; x_wconf 87' lang='lat' dir='ltr'>praevalet.</span> <span class='ocrx_word' id='word_1_90' title='bbox 304 771 326 815; x_wconf 82' lang='grc'>6.</span> <span class='ocrx_word' id='word_1_91' title='bbox 342 770 415 814; x_wconf 87' lang='lat' dir='ltr'>Lieite</span> <span class='ocrx_word' id='word_1_92' title='bbox 426 772 495 816; x_wconf 88' lang='lat' dir='ltr'>alteri</span> <span class='ocrx_word' id='word_1_93' title='bbox 508 775 561 828; x_wconf 87' lang='lat' dir='ltr'>opto</span> <span class='ocrx_word' id='word_1_94' title='bbox 572 775 678 826; x_wconf 88' lang='lat' dir='ltr'>mortem,</span> <span class='ocrx_word' id='word_1_95' title='bbox 691 786 704 815; x_wconf 93' lang='lat' dir='ltr'>a</span> <span class='ocrx_word' id='word_1_96' title='bbox 715 786 759 827; x_wconf 87' lang='lat' dir='ltr'>quo</span> 
     </span>
     <span class='ocr_line' id='line_1_13' title="bbox 74 831 760 887; baseline -0.004 -11"><span class='ocrx_word' id='word_1_97' title='bbox 74 835 136 877; x_wconf 83' lang='lat' dir='ltr'>certo</span> <span class='ocrx_word' id='word_1_98' title='bbox 150 831 274 887; x_wconf 76' lang='lat' dir='ltr'>praevideo,</span> <span class='ocrx_word' id='word_1_99' title='bbox 289 831 345 874; x_wconf 81' lang='lat' dir='ltr'>alias</span> <span class='ocrx_word' id='word_1_100' title='bbox 359 844 395 873; x_wconf 83' lang='lat' dir='ltr'>rue</span> <span class='ocrx_word' id='word_1_101' title='bbox 410 831 495 886; x_wconf 86' lang='lat' dir='ltr'>injuste</span> <span class='ocrx_word' id='word_1_102' title='bbox 511 832 665 875; x_wconf 75' lang='lat' dir='ltr'>oooidenrlum.</span> <span class='ocrx_word' id='word_1_103' title='bbox 676 832 698 874; x_wconf 83' lang='lat'>7.</span> <span class='ocrx_word' id='word_1_104' title='bbox 718 833 760 874; x_wconf 92' lang='lat' dir='ltr'>Li-</span> 
     </span>
     <span class='ocr_line' id='line_1_14' title="bbox 73 890 760 947; baseline -0.003 -10"><span class='ocrx_word' id='word_1_105' title='bbox 73 890 119 941; x_wconf 84' lang='lat' dir='ltr'>eite</span> <span class='ocrx_word' id='word_1_106' title='bbox 128 895 180 947; x_wconf 87' lang='lat' dir='ltr'>opto</span> <span class='ocrx_word' id='word_1_107' title='bbox 189 896 286 934; x_wconf 88' lang='lat' dir='ltr'>mortem</span> <span class='ocrx_word' id='word_1_108' title='bbox 298 890 362 944; x_wconf 77' lang='lat' dir='ltr'>ruini,</span> <span class='ocrx_word' id='word_1_109' title='bbox 375 891 502 947; x_wconf 85' lang='lat' dir='ltr'>praevidens</span> <span class='ocrx_word' id='word_1_110' title='bbox 511 892 569 935; x_wconf 90' lang='lat' dir='ltr'>alias</span> <span class='ocrx_word' id='word_1_111' title='bbox 579 904 614 935; x_wconf 85' lang='lat' dir='ltr'>ure</span> <span class='ocrx_word' id='word_1_112' title='bbox 626 904 697 947; x_wconf 76' lang='lat' dir='ltr'>grave</span> <span class='ocrx_word' id='word_1_113' title='bbox 709 905 760 936; x_wconf 81' lang='lat' dir='ltr'>rna-</span> 
     </span>
     <span class='ocr_line' id='line_1_15' title="bbox 72 951 759 1007; baseline -0.001 -12"><span class='ocrx_word' id='word_1_114' title='bbox 72 953 120 995; x_wconf 90' lang='lat' dir='ltr'>lum</span> <span class='ocrx_word' id='word_1_115' title='bbox 134 952 216 996; x_wconf 84' lang='lat' dir='ltr'>animae</span> <span class='ocrx_word' id='word_1_116' title='bbox 233 965 283 994; x_wconf 87' lang='lat' dir='ltr'>esse</span> <span class='ocrx_word' id='word_1_117' title='bbox 293 964 421 1006; x_wconf 86' lang='lat' dir='ltr'>passurum.</span> <span class='ocrx_word' id='word_1_118' title='bbox 435 951 457 993; x_wconf 88' lang='grc'>8.</span> <span class='ocrx_word' id='word_1_119' title='bbox 476 951 551 994; x_wconf 87' lang='lat' dir='ltr'>Lieite</span> <span class='ocrx_word' id='word_1_120' title='bbox 565 953 642 1007; x_wconf 85' lang='lat' dir='ltr'>potest</span> <span class='ocrx_word' id='word_1_121' title='bbox 656 953 706 1007; x_wconf 87' lang='lat' dir='ltr'>quis</span> <span class='ocrx_word' id='word_1_122' title='bbox 718 951 759 994; x_wconf 80' lang='lat' dir='ltr'>siti</span> 
     </span>
     <span class='ocr_line' id='line_1_16' title="bbox 73 1010 760 1066; baseline 0 -11"><span class='ocrx_word' id='word_1_123' title='bbox 73 1015 152 1066; x_wconf 88' lang='lat' dir='ltr'>optare</span> <span class='ocrx_word' id='word_1_124' title='bbox 169 1013 275 1065; x_wconf 87' lang='lat' dir='ltr'>mortem,</span> <span class='ocrx_word' id='word_1_125' title='bbox 289 1024 316 1052; x_wconf 90' lang='lat' dir='ltr'>ue</span> <span class='ocrx_word' id='word_1_126' title='bbox 334 1010 395 1053; x_wconf 90' lang='lat' dir='ltr'>ultra</span> <span class='ocrx_word' id='word_1_127' title='bbox 411 1010 483 1053; x_wconf 90' lang='lat' dir='ltr'>Deum</span> <span class='ocrx_word' id='word_1_128' title='bbox 500 1010 607 1064; x_wconf 85' lang='lat' dir='ltr'>offendat,</span> <span class='ocrx_word' id='word_1_129' title='bbox 628 1024 655 1053; x_wconf 90' lang='lat' dir='ltr'>ne</span> <span class='ocrx_word' id='word_1_130' title='bbox 673 1011 760 1055; x_wconf 86' lang='lat' dir='ltr'>tamdiu</span> 
     </span>
     <span class='ocr_line' id='line_1_17' title="bbox 73 1069 760 1123; baseline -0.001 -8"><span class='ocrx_word' id='word_1_131' title='bbox 73 1072 204 1115; x_wconf 81' lang='lat' dir='ltr'>retardetur</span> <span class='ocrx_word' id='word_1_132' title='bbox 219 1083 232 1115; x_wconf 86' lang='lat' dir='ltr'>a</span> <span class='ocrx_word' id='word_1_133' title='bbox 250 1070 398 1123; x_wconf 83' lang='lat' dir='ltr'>beatitudine,</span> <span class='ocrx_word' id='word_1_134' title='bbox 412 1072 437 1113; x_wconf 89' lang='lat' dir='ltr'>ut</span> <span class='ocrx_word' id='word_1_135' title='bbox 457 1069 529 1114; x_wconf 86' lang='lat' dir='ltr'>evitet</span> <span class='ocrx_word' id='word_1_136' title='bbox 551 1070 667 1114; x_wconf 86' lang='lat' dir='ltr'>miseriam</span> <span class='ocrx_word' id='word_1_137' title='bbox 687 1072 760 1114; x_wconf 88' lang='lat' dir='ltr'>morte</span> 
     </span>
     <span class='ocr_line' id='line_1_18' title="bbox 73 1130 761 1187; baseline 0 -12"><span class='ocrx_word' id='word_1_138' title='bbox 73 1130 222 1184; x_wconf 83' lang='lat' dir='ltr'>amariorem,</span> <span class='ocrx_word' id='word_1_139' title='bbox 233 1143 257 1173; x_wconf 80' lang='lat' dir='ltr'>v.</span> <span class='ocrx_word' id='word_1_140' title='bbox 270 1142 306 1187; x_wconf 80' lang='lat' dir='ltr'>gr.</span> <span class='ocrx_word' id='word_1_141' title='bbox 319 1132 455 1186; x_wconf 87' lang='lat' dir='ltr'>perpetuum</span> <span class='ocrx_word' id='word_1_142' title='bbox 466 1142 590 1184; x_wconf 79' lang='lat' dir='ltr'>carcerem,</span> <span class='ocrx_word' id='word_1_143' title='bbox 603 1130 761 1187; x_wconf 81' lang='lat' dir='ltr'>spoliationem</span> 
     </span>
     <span class='ocr_line' id='line_1_19' title="bbox 73 1190 759 1248; baseline -0.004 -13"><span class='ocrx_word' id='word_1_144' title='bbox 73 1191 174 1236; x_wconf 89' lang='lat' dir='ltr'>omnium</span> <span class='ocrx_word' id='word_1_145' title='bbox 198 1192 316 1233; x_wconf 86' lang='lat' dir='ltr'>bonorum.</span> <span class='ocrx_word' id='word_1_146' title='bbox 341 1190 410 1245; x_wconf 82' lang='lat' dir='ltr'>idque</span> <span class='ocrx_word' id='word_1_147' title='bbox 432 1190 503 1244; x_wconf 86' lang='lat' dir='ltr'>valet,</span> <span class='ocrx_word' id='word_1_148' title='bbox 526 1203 567 1248; x_wconf 86' lang='lat' dir='ltr'>per</span> <span class='ocrx_word' id='word_1_149' title='bbox 590 1204 614 1233; x_wconf 87' lang='lat' dir='ltr'>se</span> <span class='ocrx_word' id='word_1_150' title='bbox 636 1190 759 1245; x_wconf 85' lang='lat' dir='ltr'>loquendo,</span> 
     </span>
     <span class='ocr_line' id='line_1_20' title="bbox 74 1249 761 1308; baseline 0 -15"><span class='ocrx_word' id='word_1_151' title='bbox 74 1252 161 1308; x_wconf 87' lang='lat' dir='ltr'>quando</span> <span class='ocrx_word' id='word_1_152' title='bbox 170 1250 255 1292; x_wconf 89' lang='lat' dir='ltr'>malum</span> <span class='ocrx_word' id='word_1_153' title='bbox 266 1250 383 1293; x_wconf 88' lang='lat' dir='ltr'>vitandum</span> <span class='ocrx_word' id='word_1_154' title='bbox 394 1254 430 1293; x_wconf 77' lang='lat' dir='ltr'>est</span> <span class='ocrx_word' id='word_1_155' title='bbox 440 1251 624 1307; x_wconf 66' lang='lat' dir='ltr'>praeponderans,</span> <span class='ocrx_word' id='word_1_156' title='bbox 638 1250 728 1304; x_wconf 84' lang='lat' dir='ltr'>saltem,</span> <span class='ocrx_word' id='word_1_157' title='bbox 742 1249 761 1293; x_wconf 88' lang='lat' dir='ltr'>si</span> 
     </span>
     <span class='ocr_line' id='line_1_21' title="bbox 54 1308 764 1366; baseline -0.004 -10"><span class='ocrx_word' id='word_1_158' title='bbox 54 1351 56 1356; x_wconf 92' lang='lat'>.</span> <span class='ocrx_word' id='word_1_159' title='bbox 74 1312 179 1356; x_wconf 88' lang='lat' dir='ltr'>servetur</span> <span class='ocrx_word' id='word_1_160' title='bbox 189 1311 243 1352; x_wconf 84' lang='lat' dir='ltr'>ordo</span> <span class='ocrx_word' id='word_1_161' title='bbox 254 1309 374 1354; x_wconf 85' lang='lat' dir='ltr'>eharitatis</span> <span class='ocrx_word' id='word_1_162' title='bbox 384 1311 454 1353; x_wconf 87' lang='lat' dir='ltr'>etiam</span> <span class='ocrx_word' id='word_1_163' title='bbox 465 1309 526 1353; x_wconf 88' lang='lat' dir='ltr'>inter</span> <span class='ocrx_word' id='word_1_164' title='bbox 535 1323 653 1366; x_wconf 75' lang='lat' dir='ltr'>personas,</span> <span class='ocrx_word' id='word_1_165' title='bbox 666 1310 705 1366; x_wconf 87' lang='lat' dir='ltr'>qui</span> <span class='ocrx_word' id='word_1_166' title='bbox 716 1308 764 1354; x_wconf 53' lang='lat' dir='ltr'>exi*</span> 
     </span>
     <span class='ocr_line' id='line_1_22' title="bbox 73 1370 763 1428; baseline 0.001 -16"><span class='ocrx_word' id='word_1_167' title='bbox 73 1370 108 1428; x_wconf 82' lang='lat' dir='ltr'>git</span> <span class='ocrx_word' id='word_1_168' title='bbox 123 1373 149 1413; x_wconf 89' lang='lat' dir='ltr'>ut</span> <span class='ocrx_word' id='word_1_169' title='bbox 165 1370 259 1425; x_wconf 80' lang='lat' dir='ltr'>diligam</span> <span class='ocrx_word' id='word_1_170' title='bbox 275 1370 357 1425; x_wconf 69' lang='lat' dir='ltr'>magis.</span> <span class='ocrx_word' id='word_1_171' title='bbox 368 1370 425 1413; x_wconf 87' lang='lat' dir='ltr'>mihi</span> <span class='ocrx_word' id='word_1_172' title='bbox 438 1371 515 1426; x_wconf 75' lang='lat' dir='ltr'>inagis</span> <span class='ocrx_word' id='word_1_173' title='bbox 531 1371 671 1425; x_wconf 74' lang='lat' dir='ltr'>conjunctas.</span> <span class='ocrx_word' id='word_1_174' title='bbox 693 1370 763 1413; x_wconf 85' lang='lat' dir='ltr'>Ratio</span> 
     </span>
     <span class='ocr_line' id='line_1_23' title="bbox 73 1429 764 1484; baseline -0.001 -11"><span class='ocrx_word' id='word_1_175' title='bbox 73 1432 207 1482; x_wconf 74' lang='lat' dir='ltr'>hommem,</span> <span class='ocrx_word' id='word_1_176' title='bbox 220 1429 273 1484; x_wconf 88' lang='lat' dir='ltr'>quia</span> <span class='ocrx_word' id='word_1_177' title='bbox 284 1429 317 1474; x_wconf 85' lang='lat' dir='ltr'>sie</span> <span class='ocrx_word' id='word_1_178' title='bbox 328 1443 371 1472; x_wconf 90' lang='lat' dir='ltr'>non</span> <span class='ocrx_word' id='word_1_179' title='bbox 382 1432 475 1484; x_wconf 86' lang='lat' dir='ltr'>optatur</span> <span class='ocrx_word' id='word_1_180' title='bbox 486 1429 572 1474; x_wconf 84' lang='lat' dir='ltr'>malurn</span> <span class='ocrx_word' id='word_1_181' title='bbox 582 1433 607 1471; x_wconf 93' lang='lat' dir='ltr'>ut</span> <span class='ocrx_word' id='word_1_182' title='bbox 617 1429 711 1482; x_wconf 80' lang='lat' dir='ltr'>iunium,</span> <span class='ocrx_word' id='word_1_183' title='bbox 724 1429 764 1473; x_wconf 84' lang='lat' dir='ltr'>sed</span> 
     </span>
     <span class='ocr_line' id='line_1_24' title="bbox 73 1488 763 1548; baseline 0.003 -17"><span class='ocrx_word' id='word_1_184' title='bbox 73 1493 183 1548; x_wconf 84' lang='lat' dir='ltr'>quatenus</span> <span class='ocrx_word' id='word_1_185' title='bbox 194 1488 353 1545; x_wconf 87' lang='lat' dir='ltr'>impeditivuru</span> <span class='ocrx_word' id='word_1_186' title='bbox 369 1493 404 1532; x_wconf 88' lang='lat' dir='ltr'>est</span> <span class='ocrx_word' id='word_1_187' title='bbox 414 1488 509 1546; x_wconf 76' lang='lat' dir='ltr'>majoris</span> <span class='ocrx_word' id='word_1_188' title='bbox 517 1488 580 1532; x_wconf 89' lang='lat' dir='ltr'>mali.</span> <span class='ocrx_word' id='word_1_189' title='bbox 594 1488 624 1532; x_wconf 87' lang='lat' dir='ltr'>Et</span> <span class='ocrx_word' id='word_1_190' title='bbox 635 1488 677 1532; x_wconf 85' lang='lat' dir='ltr'>hoe</span> <span class='ocrx_word' id='word_1_191' title='bbox 688 1492 763 1545; x_wconf 87' lang='lat' dir='ltr'>ipsum</span> 
     </span>
     <span class='ocr_line' id='line_1_25' title="bbox 74 1548 763 1604; baseline -0.004 -10"><span class='ocrx_word' id='word_1_192' title='bbox 74 1551 166 1594; x_wconf 82' lang='lat' dir='ltr'>euenire</span> <span class='ocrx_word' id='word_1_193' title='bbox 182 1552 258 1604; x_wconf 86' lang='lat' dir='ltr'>potest</span> <span class='ocrx_word' id='word_1_194' title='bbox 274 1548 297 1590; x_wconf 89' lang='lat' dir='ltr'>in</span> <span class='ocrx_word' id='word_1_195' title='bbox 315 1548 411 1591; x_wconf 83' lang='lat' dir='ltr'>tristitia</span> <span class='ocrx_word' id='word_1_196' title='bbox 430 1549 457 1591; x_wconf 86' lang='lat' dir='ltr'>de</span> <span class='ocrx_word' id='word_1_197' title='bbox 476 1549 571 1590; x_wconf 83' lang='lat' dir='ltr'>alterius</span> <span class='ocrx_word' id='word_1_198' title='bbox 590 1549 656 1590; x_wconf 90' lang='lat' dir='ltr'>loono.</span> <span class='ocrx_word' id='word_1_199' title='bbox 666 1548 763 1591; x_wconf 88' lang='lat' dir='ltr'>Possum</span> 
     </span>
     <span class='ocr_line' id='line_1_26' title="bbox 74 1607 765 1663; baseline -0.003 -11"><span class='ocrx_word' id='word_1_200' title='bbox 74 1609 133 1653; x_wconf 89' lang='lat' dir='ltr'>euim</span> <span class='ocrx_word' id='word_1_201' title='bbox 144 1609 170 1652; x_wconf 88' lang='lat' dir='ltr'>de</span> <span class='ocrx_word' id='word_1_202' title='bbox 183 1609 261 1652; x_wconf 86' lang='lat' dir='ltr'>eadem</span> <span class='ocrx_word' id='word_1_203' title='bbox 270 1621 295 1651; x_wconf 93' lang='lat' dir='ltr'>re</span> <span class='ocrx_word' id='word_1_204' title='bbox 310 1608 351 1651; x_wconf 87' lang='lat' dir='ltr'>sub</span> <span class='ocrx_word' id='word_1_205' title='bbox 362 1607 455 1653; x_wconf 82' lang='lat' dir='ltr'>diversa</span> <span class='ocrx_word' id='word_1_206' title='bbox 471 1607 612 1651; x_wconf 78' lang='lat' dir='ltr'>formalitate</span> <span class='ocrx_word' id='word_1_207' title='bbox 632 1607 730 1663; x_wconf 86' lang='lat' dir='ltr'>tristari,</span> <span class='ocrx_word' id='word_1_208' title='bbox 741 1610 765 1651; x_wconf 91' lang='lat' dir='ltr'>et</span> 
     </span>
     <span class='ocr_line' id='line_1_27' title="bbox 73 1667 762 1726; baseline 0 -15"><span class='ocrx_word' id='word_1_209' title='bbox 73 1669 172 1726; x_wconf 78' lang='lat' dir='ltr'>gaudere</span> <span class='ocrx_word' id='word_1_210' title='bbox 183 1668 254 1722; x_wconf 82' lang='lat' dir='ltr'>licite,</span> <span class='ocrx_word' id='word_1_211' title='bbox 267 1667 299 1711; x_wconf 87' lang='lat' dir='ltr'>siu</span> <span class='ocrx_word' id='word_1_212' title='bbox 310 1667 371 1712; x_wconf 90' lang='lat' dir='ltr'>filius</span> <span class='ocrx_word' id='word_1_213' title='bbox 384 1670 460 1724; x_wconf 88' lang='lat' dir='ltr'>potest</span> <span class='ocrx_word' id='word_1_214' title='bbox 469 1668 546 1711; x_wconf 87' lang='lat' dir='ltr'>dolere</span> <span class='ocrx_word' id='word_1_215' title='bbox 557 1668 584 1711; x_wconf 91' lang='lat' dir='ltr'>de</span> <span class='ocrx_word' id='word_1_216' title='bbox 596 1670 669 1711; x_wconf 88' lang='lat' dir='ltr'>morte</span> <span class='ocrx_word' id='word_1_217' title='bbox 682 1668 762 1724; x_wconf 81' lang='lat' dir='ltr'>patris,</span> 
     </span>
     <span class='ocr_line' id='line_1_28' title="bbox 73 1727 764 1786; baseline 0 -15"><span class='ocrx_word' id='word_1_218' title='bbox 73 1732 183 1786; x_wconf 86' lang='lat' dir='ltr'>quatenus</span> <span class='ocrx_word' id='word_1_219' title='bbox 194 1728 238 1783; x_wconf 83' lang='lat' dir='ltr'>ipsi</span> <span class='ocrx_word' id='word_1_220' title='bbox 256 1728 317 1772; x_wconf 90' lang='lat' dir='ltr'>mala</span> <span class='ocrx_word' id='word_1_221' title='bbox 328 1731 372 1783; x_wconf 88' lang='lat' dir='ltr'>est,</span> <span class='ocrx_word' id='word_1_222' title='bbox 384 1731 409 1772; x_wconf 89' lang='lat' dir='ltr'>et</span> <span class='ocrx_word' id='word_1_223' title='bbox 428 1728 455 1772; x_wconf 90' lang='lat' dir='ltr'>de</span> <span class='ocrx_word' id='word_1_224' title='bbox 473 1728 514 1771; x_wconf 87' lang='lat' dir='ltr'>illa</span> <span class='ocrx_word' id='word_1_225' title='bbox 531 1727 640 1784; x_wconf 78' lang='lat' dir='ltr'>gaudere,</span> <span class='ocrx_word' id='word_1_226' title='bbox 653 1731 764 1783; x_wconf 87' lang='lat' dir='ltr'>quatenus</span> 
     </span>
     <span class='ocr_line' id='line_1_29' title="bbox 73 1787 766 1844; baseline -0.006 -10"><span class='ocrx_word' id='word_1_227' title='bbox 73 1788 183 1843; x_wconf 75' lang='lat' dir='ltr'>iutelligit</span> <span class='ocrx_word' id='word_1_228' title='bbox 190 1788 317 1832; x_wconf 75' lang='lat' dir='ltr'>immissam</span> <span class='ocrx_word' id='word_1_229' title='bbox 330 1801 344 1831; x_wconf 87' lang='lat' dir='ltr'>a</span> <span class='ocrx_word' id='word_1_230' title='bbox 354 1789 402 1832; x_wconf 87' lang='lat' dir='ltr'>Deo</span> <span class='ocrx_word' id='word_1_231' title='bbox 411 1788 435 1831; x_wconf 94' lang='lat' dir='ltr'>in</span> <span class='ocrx_word' id='word_1_232' title='bbox 447 1787 544 1832; x_wconf 80' lang='lat' dir='ltr'>salutern</span> <span class='ocrx_word' id='word_1_233' title='bbox 554 1788 611 1844; x_wconf 71' lang='lat' dir='ltr'>epus.</span> <span class='ocrx_word' id='word_1_234' title='bbox 626 1787 664 1830; x_wconf 81' lang='lat' dir='ltr'>Sin</span> <span class='ocrx_word' id='word_1_235' title='bbox 674 1789 697 1830; x_wconf 89' lang='lat' dir='ltr'>et</span> <span class='ocrx_word' id='word_1_236' title='bbox 707 1788 766 1830; x_wconf 84' lang='lat' dir='ltr'>tris-</span> 
     </span>
     <span class='ocr_line' id='line_1_30' title="bbox 73 1846 764 1903; baseline -0.003 -11"><span class='ocrx_word' id='word_1_237' title='bbox 73 1848 119 1893; x_wconf 90' lang='lat' dir='ltr'>tari</span> <span class='ocrx_word' id='word_1_238' title='bbox 130 1847 200 1890; x_wconf 86' lang='lat' dir='ltr'>voluit</span> <span class='ocrx_word' id='word_1_239' title='bbox 211 1847 315 1890; x_wconf 79' lang='lat' dir='ltr'>Christus</span> <span class='ocrx_word' id='word_1_240' title='bbox 325 1848 352 1891; x_wconf 88' lang='lat' dir='ltr'>de</span> <span class='ocrx_word' id='word_1_241' title='bbox 362 1849 436 1890; x_wconf 89' lang='lat' dir='ltr'>morte</span> <span class='ocrx_word' id='word_1_242' title='bbox 446 1848 487 1892; x_wconf 63' lang='lat' dir='ltr'>‘sua</span> <span class='ocrx_word' id='word_1_243' title='bbox 497 1846 640 1900; x_wconf 88' lang='lat' dir='ltr'>imminente,</span> <span class='ocrx_word' id='word_1_244' title='bbox 654 1850 764 1903; x_wconf 86' lang='lat' dir='ltr'>qnatenus</span> 
     </span>
     <span class='ocr_line' id='line_1_31' title="bbox 73 1905 765 1964; baseline -0.004 -11"><span class='ocrx_word' id='word_1_245' title='bbox 73 1910 124 1953; x_wconf 90' lang='lat' dir='ltr'>erat</span> <span class='ocrx_word' id='word_1_246' title='bbox 140 1906 224 1950; x_wconf 88' lang='lat' dir='ltr'>malum</span> <span class='ocrx_word' id='word_1_247' title='bbox 237 1911 333 1963; x_wconf 87' lang='lat' dir='ltr'>naturae,</span> <span class='ocrx_word' id='word_1_248' title='bbox 346 1910 459 1952; x_wconf 86' lang='lat' dir='ltr'>ettamen</span> <span class='ocrx_word' id='word_1_249' title='bbox 474 1909 576 1964; x_wconf 80' lang='lat' dir='ltr'>gaudens</span> <span class='ocrx_word' id='word_1_250' title='bbox 591 1919 640 1949; x_wconf 88' lang='lat' dir='ltr'>eam</span> <span class='ocrx_word' id='word_1_251' title='bbox 657 1905 765 1951; x_wconf 84' lang='lat' dir='ltr'>sustinuit</span> 
     </span>
     <span class='ocr_line' id='line_1_32' title="bbox 73 1966 765 2023; baseline -0.006 -10"><span class='ocrx_word' id='word_1_252' title='bbox 73 1968 203 2014; x_wconf 80' lang='lat' dir='ltr'>confusione</span> <span class='ocrx_word' id='word_1_253' title='bbox 227 1971 364 2023; x_wconf 84' lang='lat' dir='ltr'>eontempta,</span> <span class='ocrx_word' id='word_1_254' title='bbox 377 1981 472 2023; x_wconf 85' lang='lat' dir='ltr'>eamque</span> <span class='ocrx_word' id='word_1_255' title='bbox 494 1966 576 2019; x_wconf 88' lang='lat' dir='ltr'>voluit,</span> <span class='ocrx_word' id='word_1_256' title='bbox 590 1969 701 2021; x_wconf 86' lang='lat' dir='ltr'>quatenus</span> <span class='ocrx_word' id='word_1_257' title='bbox 715 1968 765 2009; x_wconf 84' lang='lat' dir='ltr'>erat</span> 
     </span>
     <span class='ocr_line' id='line_1_33' title="bbox 72 2026 765 2084; baseline -0.009 -10"><span class='ocrx_word' id='word_1_258' title='bbox 72 2044 87 2074; x_wconf 87' lang='lat' dir='ltr'>a</span> <span class='ocrx_word' id='word_1_259' title='bbox 104 2028 223 2072; x_wconf 87' lang='lat' dir='ltr'>voluntate</span> <span class='ocrx_word' id='word_1_260' title='bbox 241 2026 318 2070; x_wconf 86' lang='lat' dir='ltr'>Patris</span> <span class='ocrx_word' id='word_1_261' title='bbox 343 2027 367 2070; x_wconf 84' lang='lat' dir='ltr'>in</span> <span class='ocrx_word' id='word_1_262' title='bbox 389 2027 571 2084; x_wconf 85' lang='lat' dir='ltr'>redemptionem</span> <span class='ocrx_word' id='word_1_263' title='bbox 598 2029 708 2069; x_wconf 85' lang='lat' dir='ltr'>nostram.</span> <span class='ocrx_word' id='word_1_264' title='bbox 729 2026 765 2069; x_wconf 78' lang='lat' dir='ltr'>Ad</span> 
     </span>
     <span class='ocr_line' id='line_1_34' title="bbox 72 2086 762 2142; baseline -0.007 -9"><span class='ocrx_word' id='word_1_265' title='bbox 72 2090 121 2133; x_wconf 86' lang='lat' dir='ltr'>haee</span> <span class='ocrx_word' id='word_1_266' title='bbox 142 2086 263 2141; x_wconf 78' lang='lat' dir='ltr'>eontingit,</span> <span class='ocrx_word' id='word_1_267' title='bbox 280 2089 314 2140; x_wconf 92' lang='lat' dir='ltr'>ut,</span> <span class='ocrx_word' id='word_1_268' title='bbox 331 2088 369 2142; x_wconf 88' lang='lat' dir='ltr'>qui</span> <span class='ocrx_word' id='word_1_269' title='bbox 389 2089 417 2131; x_wconf 87' lang='lat' dir='ltr'>ab</span> <span class='ocrx_word' id='word_1_270' title='bbox 434 2088 479 2131; x_wconf 85' lang='lat' dir='ltr'>alio</span> <span class='ocrx_word' id='word_1_271' title='bbox 497 2086 605 2141; x_wconf 81' lang='lat' dir='ltr'>iujuriam</span> <span class='ocrx_word' id='word_1_272' title='bbox 623 2099 704 2141; x_wconf 85' lang='lat' dir='ltr'>passus</span> <span class='ocrx_word' id='word_1_273' title='bbox 719 2088 762 2138; x_wconf 87' lang='lat' dir='ltr'>est,</span> 
     </span>
     <span class='ocr_line' id='line_1_35' title="bbox 72 2146 762 2205; baseline -0.007 -12"><span class='ocrx_word' id='word_1_274' title='bbox 72 2151 141 2205; x_wconf 80' lang='lat' dir='ltr'>longo</span> <span class='ocrx_word' id='word_1_275' title='bbox 157 2151 261 2201; x_wconf 86' lang='lat' dir='ltr'>tempore</span> <span class='ocrx_word' id='word_1_276' title='bbox 279 2146 363 2190; x_wconf 87' lang='lat' dir='ltr'>sentiat</span> <span class='ocrx_word' id='word_1_277' title='bbox 377 2147 545 2204; x_wconf 83' lang='lat' dir='ltr'>displicentiam</span> <span class='ocrx_word' id='word_1_278' title='bbox 563 2150 586 2189; x_wconf 91' lang='lat' dir='ltr'>et</span> <span class='ocrx_word' id='word_1_279' title='bbox 606 2146 762 2201; x_wconf 85' lang='lat' dir='ltr'>aversionem;</span> 
     </span>
     <span class='ocr_line' id='line_1_36' title="bbox 72 2205 764 2262; baseline -0.006 -11"><span class='ocrx_word' id='word_1_280' title='bbox 72 2211 122 2254; x_wconf 85' lang='lat' dir='ltr'>haee</span> <span class='ocrx_word' id='word_1_281' title='bbox 142 2220 184 2262; x_wconf 89' lang='lat' dir='ltr'>per</span> <span class='ocrx_word' id='word_1_282' title='bbox 203 2205 329 2248; x_wconf 86' lang='lat' dir='ltr'>orationem</span> <span class='ocrx_word' id='word_1_283' title='bbox 352 2207 450 2260; x_wconf 85' lang='lat' dir='ltr'>quidem,</span> <span class='ocrx_word' id='word_1_284' title='bbox 469 2211 492 2249; x_wconf 90' lang='lat' dir='ltr'>et</span> <span class='ocrx_word' id='word_1_285' title='bbox 516 2205 622 2260; x_wconf 84' lang='lat' dir='ltr'>obsequia</span> <span class='ocrx_word' id='word_1_286' title='bbox 645 2206 764 2247; x_wconf 87' lang='lat' dir='ltr'>eharitatis</span> 
     </span>
     <span class='ocr_line' id='line_1_37' title="bbox 73 2263 763 2324; baseline -0.01 -12"><span class='ocrx_word' id='word_1_287' title='bbox 73 2266 222 2324; x_wconf 77' lang='lat' dir='ltr'>expurganda</span> <span class='ocrx_word' id='word_1_288' title='bbox 244 2267 290 2319; x_wconf 84' lang='lat' dir='ltr'>est,</span> <span class='ocrx_word' id='word_1_289' title='bbox 311 2265 417 2321; x_wconf 88' lang='lat' dir='ltr'>quamdiu</span> <span class='ocrx_word' id='word_1_290' title='bbox 436 2263 690 2309; x_wconf 86' lang='lat' dir='ltr'>tameninuoluutaria</span> <span class='ocrx_word' id='word_1_291' title='bbox 707 2265 763 2308; x_wconf 83' lang='lat' dir='ltr'>est:</span> 
     </span>
    </p>
   </div>
   <div class='ocr_carea' id='block_1_4' title="bbox 0 0 797 2464">
    <p class='ocr_par' dir='ltr' id='par_1_4' title="bbox 0 0 797 2464">
     <span class='ocr_line' id='line_1_38' title="bbox 0 0 797 2464; baseline 0 0"><span class='ocrx_word' id='word_1_292' title='bbox 0 0 797 2464; x_wconf 95' lang='lat' dir='ltr'> </span> 
     </span>
    </p>
   </div>
  </div>
 </body>
</html>
