1577 2464
18 103 20 105 ’
76 87 121 136 306
157 76 389 139 nso-conrassdrirus
404 77 674 136 raacrieb'rnsraueros

78 193 129 235 acta
140 188 179 232 sed
185 202 226 246 pro
234 191 337 246 tempore
343 188 425 235 mortis
432 188 537 234 instantis
546 201 551 232 :
559 192 582 232 et
590 189 689 234 moriens
698 203 757 246 prae·

78 248 175 303 sumitur
182 263 269 293 mernor
278 251 366 303 salutis,
374 250 416 293 nisi
423 251 528 293 claradet
539 248 607 304 signa
616 249 757 304 impoeniten-

78 310 126 354 tiae.
135 307 183 350 Imo
194 308 254 353 forte
265 310 377 353 anhelitus
385 310 412 353 ab
424 324 450 352 eo
461 307 567 364 dirigitur
576 310 603 351 ad
612 308 757 370 Sacerdotem

78 383 119 426 pro
130 369 278 413 absolutione.
286 370 341 412 Haec
351 370 439 424 quidem
449 370 534 412 incerta
545 372 610 411 sunt:
622 370 674 423 quia
681 373 757 422 tamen

57 449 59 453 ·
79 443 122 473 non
132 429 223 473 omnino
233 428 402 485 improbabilia3
415 430 572 474 consulendum
586 432 621 472 est
630 426 697 473 saluti
710 429 758 473 ani-

78 504 131 544 mae,
139 491 239 545 adquam
248 491 504 534 Sacramentainstituta
512 493 571 542 sunt,
578 502 591 531 a
599 489 678 546 quibus
688 487 757 534 etiam

79 555 171 594 arcetur
184 550 335 593 irreverentia
346 553 369 593 in
378 564 431 594 casu
447 551 586 593 necessitatis
598 563 638 604 per
647 551 759 600 conditio·

80 623 131 653 nem
142 617 275 662 appositam.
522 655 524 658 ,
553 659 554 664 ¹

109 667 161 711 219.
174 691 204 698 —
213 668 282 721 Resp.
293 667 334 711 IV,
348 667 372 711 Si
385 668 494 713 Sacerdos
504 669 532 712 ad
540 667 654 710 infirmum
664 667 757 711 veniens

15 741 18 746 ’
78 727 174 780 dubitet,
187 726 272 781 anjam
283 730 386 770 mortuus
402 728 440 781 sit,
452 729 524 771 adhuc
539 728 605 771 debet
620 741 669 770 eum
681 727 758 777 absol-

78 801 132 829 vere
141 799 145 828 :
157 785 209 842 quia
217 785 252 830 hio
265 787 288 830 in
297 787 364 831 dubio
371 786 420 831 vita
429 793 464 832 est
473 788 496 832 in
506 788 654 843 possessione,
662 802 702 844 pro
714 787 759 844 qua

78 847 182 892 standum
200 850 242 892 est.
261 848 369 903 quue‚'si
386 848 450 904 signa
469 848 607 904 poenitentiae
618 850 669 892 ante
686 848 757 901 dedit,

78 909 121 951 etsi
133 907 270 963 probabilius
285 912 377 963 putetur
391 912 510 952 mortuus:
524 922 574 951 nam
585 922 645 964 saepe
656 908 759 963 judican«

36 977 38 981 '
78 971 117 1011 tur
130 966 221 1019 mortui,
236 967 272 1022 qui
285 971 363 1022 postea
374 969 446 1010 adhoc
457 969 485 1011 ad
501 981 525 1010 se
540 969 643 1011 redeunt.
656 967 704 1011 Nec
719 968 759 1009 de-

78 1030 132 1070 sunt
145 1025 233 1078 medici,
247 1027 284 1081 qui
302 1026 444 1080 existimant,
457 1027 560 1070 animam
577 1026 697 1084 aliquando
708 1038 758 1069 rna-

32 1116 41 1138 ,
80 1091 134 1129 nere
156 1086 240 1130 unitam
263 1087 351 1142 corpori
377 1100 421 1130 uno
443 1087 544 1130 alterove
565 1088 689 1142 quadrante
710 1091 759 1142 post

79 1148 177 1189 mortem
190 1145 317 1201 vulgariter
328 1145 490 1190 existimatam.
501 1147 590 1190 Retulit
599 1146 653 1188 nini
664 1145 759 1204 celebris

80 1205 188 1258 medicus,
200 1219 293 1260 puerum
303 1207 325 1247 in
337 1220 418 1261 aquam
426 1206 513 1262 lapsum
525 1211 681 1249 etextractuni
693 1207 759 1261 plane

30 1294 31 1297 =
80 1264 212 1324 apparuisse
224 1270 346 1321 mortuum,
357 1266 405 1322 igni
421 1272 497 1320 autem
508 1266 559 1310 dein
573 1266 708 1321 applicatum
721 1279 762 1308 re-
783 1292 787 1305 .·

81 1326 149 1370 diisse
169 1327 196 1368 ad
212 1338 244 1368 se.
259 1326 382 1370 Testantur
393 1340 479 1382 quoque
496 1326 628 1370 indubitatae
647 1326 757 1379 historiae,

79 1387 196 1443 quosdam,
211 1384 250 1441 qui
264 1387 291 1428 ad
308 1387 386 1429 horam
402 1388 538 1430 videbantur
557 1386 640 1429 mortui
655 1386 699 1428 irno
721 1399 761 1429 se—

33 1472 36 1475 ·
80 1446 137 1502 pulti
152 1446 252 1498 fuerunt,
265 1446 294 1486 ad
312 1459 336 1488 se
351 1445 454 1488 rediisse.
474 1447 551 1498 Proin,
563 1445 582 1487 si
598 1446 708 1487 incertum
720 1445 757 1499 sit,

79 1518 108 1550 au
120 1506 169 1562 jam
187 1503 289 1548 infirmus
302 1505 391 1558 obierit,
404 1505 477 1548 adhuc
492 1506 532 1548 sub
547 1505 673 1561 conditione
684 1505 761 1547 absol-

79 1565 166 1609 vendus
177 1569 220 1617 est,
233 1564 252 1606 si
270 1565 335 1620 signa
351 1564 490 1620 poenitentiae
504 1565 599 1620 dederit,
616 1568 655 1607 aut
672 1565 760 1607 dedisse

32 1627 34 1632 ’
80 1626 203 1682 prudenter
209 1625 314 1680 praesunri
325 1625 395 1680 possit
407 1625 526 1668 secundum
538 1625 605 1668 dicta.
617 1625 671 1668 Haec
683 1624 761 1668 valent

80 1688 169 1730 tantum
180 1699 221 1739 pro
236 1685 367 1738 Catholicis,
377 1684 420 1728 nisi
432 1688 507 1728 tamen
518 1685 638 1729 haereticus
648 1685 761 1727 Sacerdo-

81 1747 128 1788 tem
139 1743 273 1788 catliolicarn
284 1744 401 1799 petiisset:
414 1747 465 1799 quia
474 1746 575 1788 haeretici
585 1758 628 1787 non
641 1746 761 1788 censentur

81 1806 145 1860 signa
164 1804 263 1860 dirigere
282 1806 309 1846 ad
326 1803 663 1860 accipiendam'absolutionem
682 1818 770 1848 sacra-¹

80 1864 210 1908 mentalem.
358 1863 359 1866 ’
422 1886 424 1889 v
594 1915 596 1919 ‚

110 1922 163 1983 220.
174 1922 288 1977 —Petes
302 1923 359 1973 Quid
371 1924 510 1969 sentiendum
522 1926 549 1968 de
560 1927 626 1982 pacto
644 1924 702 1980 quod
713 1936 760 1967 mo·

79 1984 189 2028 ribundus
201 1984 249 2038 jam
263 1984 377 2026 confessus
393 1984 460 2028 inivit
471 1998 521 2027 cum
537 1984 687 2036 Confessario‚
704 1983 760 2027 utin

79 2056 151 2101 agone
169 2042 240 2086 adhuc
252 2042 322 2086 semel
333 2041 477 2088 absolvatur?
486 2045 556 2101 Resp.
568 2042 623 2088 (lum
635 2044 663 2087 ad
679 2055 760 2088 novam

77 2103 252 2154 absolutionem,
266 2103 345 2145 saltem
358 2108 423 2147 extra
434 2118 510 2154 casum
520 2104 670 2155 necessitatis,
682 2101 761 2158 requi-

78 2168 143 2208 ratur
166 2176 225 2206 nova
236 2163 357 2218 accusatio,
367 2164 447 2221 jubeat
466 2164 630 2216 Confessarius,
643 2164 676 2216 ut,
697 2163 761 2205 abso-

77 2225 163 2270 lutione
176 2226 277 2279 accepta,
290 2223 315 2266 in:
328 2237 410 2279 genere
419 2226 504 2268 iterum
516 2238 540 2267 se
555 2226 652 2275 accuset,
666 2227 689 2267 et
700 2221 761 2267 dolo·

58 2291 61 2293 '
78 2299 127 2330 rem
139 2285 215 2329 eliciat
232 2298 283 2328 cum
300 2286 415 2341 proposito
427 2298 432 2328 :
446 2285 482 2328 his
499 2285 609 2341 praestitis
621 2287 695 2340 potest
710 2297 760 2326 eum
