1577 2464
30 59 77 108 110
116 73 345 111 huo-cosrbssshws
361 74 472 109 richomeri
487 73 627 109 Iusuaucuus

31 163 177 208 tractandum
193 176 244 209 cum
260 164 321 218 aliis,
335 165 457 217 memento,
472 160 495 204 in
506 159 584 206 multis
602 157 645 205 tibi
659 170 716 203 oon·
734 189 736 195 .

31 221 199 280 tradicendum,
217 236 269 275 cum
283 227 324 269 tuo
337 224 406 267 eiiam
419 222 557 279 contemptu,
574 221 597 265 et
611 230 716 277 praepara

33 281 135 328 animum
150 283 179 328 ad
192 283 333 341 patientiam,
346 294 422 326 amore
438 281 518 326 Ohisti.
532 280 651 325 Octavum.
670 279 715 324 (io-

33 342 84 399 gita
100 343 189 400 qualem
210 342 287 400 cupias
301 354 357 398 erga
372 344 395 386 te
413 342 550 398 proximum,
571 343 594 383 et
609 339 679 382 talem
691 342 713 382 te

33 402 70 446 illi
81 403 170 457 exhibe,
177 401 241 453 ‘irato
252 402 362 459 responde
372 402 473 446 suaviter
484 413 489 444 t
502 398 628 459 Responsio
638 397 715 444 ricoldis

32 462 128 520 fruupii
136 462 204 506 irum.
212 461 310 506 Nonum.
319 461 401 505 Animo
412 475 441 504 ne
448 473 545 516 unquam
557 472 639 514 coquas
646 460 713 511 iram,

35 523 106 567 etiam
116 523 195 566 contra
212 522 324 576 teipsum
339 520 366 564 ob
383 520 495 564 deiectum
513 518 714 574 aclinissun13quia

35 580 111 625 animo
124 580 166 624 «sic
188 583 318 635 comparato
335 579 402 623 facile
421 583 500 623 contra
517 579 573 624 alios
592 578 713 634 impingas.

1 679 4 680 γ
35 639 123 695 Lapsus
131 639 190 690 dole,
200 638 313 684 deiectum
324 652 452 696 compensa,
463 642 487 684 et
493 640 602 696 concepta
611 638 635 681 in
643 638 714 682 Deum

35 699 118 745 fiducia
135 699 260 756 acquiesce.
273 699 330 744 Haeo
346 702 425 744 eadem
437 703 516 744 contra
530 698 712 755 imprecationes,

35 759 196 815 blasphemias,
207 763 231 803 et
242 759 344 803 convicia
353 760 437 803 valent.
450 758 541 803 Domita
551 758 651 801 enimira
658 758 711 810 ista,

35 819 76 863 vix
84 820 255 874 consequentur.
267 820 392 875 Decimum.
401 818 639 873 Maledicispraeterea
648 830 715 873 expo·
750 818 751 822 ’

35 878 109 924 nenda
125 878 242 939 turpitudo
263 878 440 933 maledictionis,
459 878 577 931 scandala,
595 885 619 921 et
633 879 714 921 damna

35 939 104 983 etiam
116 937 251 994 temporalia
265 939 317 982 inde
328 942 446 983 eventura.
465 936 517 992 Qua
527 948 633 984 incusare
645 936 716 982 rrrcrcsi

34 996 138 1056 suerius,
149 997 224 1045 cadem
241 998 371 1044 ermeneias·
387 997 457 1042 nodis.
475 999 534 1042 Dens
552 1011 597 1041 non
617 997 716 1040 intendit
754 1048 755 1051 Ἴ

36 1057 109 1110 nobis,
126 1057 169 1101 nisi
181 1057 372 1110 benedictionem,
388 1060 411 1101 ei
426 1071 466 1101 nos
477 1057 575 1101 invicem
589 1055 653 1101 nobis
663 1068 715 1100 ma·
783 1069 785 1071 ’

36 1115 174 1163 ledicamusi
185 1116 274 1173 Lingua
285 1116 348 1162 nobis
359 1117 413 1162 data
426 1117 455 1162 ad
465 1116 511 1161 Deo
526 1116 714 1172 benedicendum,

37 1177 148 1233 quomodo
165 1177 342 1234 linguamque
357 1177 425 1221 toties
443 1177 512 1220 hahes
528 1177 655 1231 diabolum,
668 1178 714 1220 Deo

36 1235 166 1282 benedicis?
179 1236 293 1285 Quomodo
310 1237 388 1281 eadem
404 1236 496 1282 audebis
512 1235 627 1282 Christum
641 1237 713 1281 susci-

37 1295 108 1356 pere?
118 1301 162 1340 etc.
176 1297 226 1350 His,
239 1297 258 1340 si
269 1298 452 1341 consuetudinem
462 1296 568 1350 habeant,
582 1295 715 1353 poenitentia

36 1356 118 1401 saltem
142 1369 183 1413 per
201 1356 293 1401 modum
313 1356 400 1401 consilii
423 1356 572 1412 injungenda,
594 1358 619 1400 ut
645 1369 716 1412 usque·

36 1418 66 1461 ad
88 1414 251 1461 confessionem
277 1415 403 1471 proximam
425 1415 520 1470 singulis
544 1414 621 1459 diebus
649 1428 734 1458 ninne-

37 1478 164 1532 prcponant
180 1488 224 1517 non
243 1475 377 1518 maledicere
392 1474 432 1517 illo
449 1475 493 1528 die,
513 1474 575 1529 sique
592 1474 732 1519 maledice-f

36 1535 93 1589 rint,
106 1533 233 1590 percutiant
244 1537 330 1592 pectus,
348 1537 371 1579 et
385 1535 483 1588 doleant,
503 1537 545 1578 etc.
556 1535 712 1580 Undecimum.

37 1594 181 1650 Blasphemis
200 1596 276 1639 autem
288 1622 290 1625 >
301 1594 424 1639 enormitas
449 1594 548 1638 maxima
568 1594 714 1651 blasphemiae

38 1656 172 1711 exponatur,
188 1665 240 1710 qua,
252 1654 315 1698 velut
331 1653 575 1710 aviperainvaditur
586 1654 635 1713 ipse
654 1655 716 1708 Deus
754 1695 756 1698 .

37 1727 53 1758 a
68 1713 109 1756 vili
122 1714 278 1768 homuncione,
291 1713 331 1757 sed
348 1726 400 1757 raro
419 1713 466 1756 sine
482 1714 592 1767 vindicta,
607 1714 677 1758 etiam
691 1715 717 1757 in

37 1773 81 1817 hac
92 1772 268 1829 vita;juheatur
274 1773 349 1817 vitare
360 1773 495 1827 occasiones,
502 1786 525 1817 v.
535 1785 557 1830 g.
565 1773 648 1826 lusum,
659 1776 714 1827 cic,

37 1832 103 1890 sique
117 1831 325 1877 consuetudinarias
338 1835 381 1885 est,
394 1831 416 1876 in
428 1832 475 1877 dies
484 1831 574 1890 vesperi
585 1832 718 1877 examinare

6 1909 7 1912 ¹
38 1890 211 1946 conscientiam,
234 1904 299 1936 mane
318 1893 342 1935 et
367 1892 448 1948 saepius
470 1904 510 1950 per
530 1892 590 1936 diem
610 1892 716 1936 invocare

37 1950 148 1999 auxilium
159 1950 200 1995 Dei
211 1953 234 1996 et
245 1963 369 2009 proponere
378 1950 485 2008 firmiter,
490 1965 533 1997 non
541 1952 698 2009 blasphemare
709 1966 717 1995 ;

13 2017 16 2022 ’
38 2010 122 2070 saepius
138 2012 242 2066 repetere
261 2024 266 2055 :
284 2008 366 2059 Gloria
380 2009 458 2068 Porri,
474 2014 515 2059 etc.
533 2011 558 2056 Si
578 2015 653 2057 autem
672 2026 716 2056 non

38 2084 68 2118 ex
86 2082 158 2128 prava
180 2070 351 2124 consuetudine,
371 2072 409 2116 sed
429 2085 457 2116 ex
476 2071 522 2116 alia
547 2071 661 2116 occasione
682 2071 717 2115 bis

38 2133 104 2178 terve
120 2128 286 2185 blasphemavit
301 2129 421 2187 inmense,
437 2131 571 2190 injungatur
586 2130 621 2175 illi
636 2130 717 2175 nihilo-

37 2192 112 2237 minus
121 2188 259 2246 gravissima
269 2189 400 2247 poenitentia
413 2205 418 2237 :
433 2192 471 2239 Sic
483 2191 543 2237 enim
553 2191 645 2238 mandat
656 2190 717 2237 Con*

38 2251 116 2300 cilium
127 2251 280 2300 Laiercnense
291 2249 326 2298 his
345 2252 421 2299 verbis
437 2267 442 2299 z
460 2251 491 2300 Ic
500 2251 552 2309 soro
570 2255 645 2304 oriem
656 2265 717 2300 cons-
