1577 2464
2 144 4 148 ,
59 89 111 135 112
150 103 382 146 nno-uonrnssnmos
398 105 509 141 rizaiorrcn
525 98 666 136 insinuantis
725 104 727 108 ·

65 189 119 237 titia
129 193 153 236 et
163 191 256 238 taedium
270 192 298 238 de
307 192 408 239 amioioia
419 192 460 239 Dei
474 191 623 250 apprehensa,
636 193 661 237 ut
672 191 745 246 mala3

65 252 120 309 quia
137 266 178 308 per
193 254 307 297 laboriosa
316 254 429 298 virtutum
447 253 563 304 exercitia,
576 255 600 295 et
621 252 746 309 voluptatis

66 314 186 357 mundanae
202 312 280 371 lugam
298 312 369 371 quaeri
387 316 411 358 et
431 311 562 359 conservari
576 311 643 357 debet
659 315 710 367 tut,
727 312 746 356 si

7 423 9 425 ,
66 373 116 428 quis
132 374 238 417 tristetur
249 376 316 429 quod,
331 374 371 417 sub
383 387 449 429 poena
466 372 625 427 damnationis,
640 374 746 416 teneatur

5 479 7 481 ,
65 432 163 488 gloriam
174 432 215 476 Dei
232 446 272 488 per
289 432 448 477 mandatorum
468 432 646 476 observationem
663 444 747 487 proea-

66 505 127 546 rare‚
138 493 201 537 velut
211 491 279 536 finem
288 491 394 536 ultimum
406 508 412 537 ι
424 491 470 547 vel,
483 492 541 549 quod
552 492 579 536 ad
591 491 671 546 Deum,
683 490 747 535 velut
763 495 765 497 ’

66 553 143 606 finem,
159 555 248 595 oreatus
264 551 303 603 sit,
323 552 404 596 debeat
421 552 442 595 ei
457 551 586 608 perfugam
602 551 746 608 voluptatum

66 611 183 656 adhaerere
193 624 234 668 pro
245 612 401 669 consequenda
416 610 534 656 felicitate.
547 611 602 655 Haeo
613 613 648 655 est
663 620 746 668 peeca-

66 675 115 716 tum
126 684 154 714 er
164 675 213 715 toto
226 684 309 727 genere
320 685 360 716 suo
371 672 477 728 mortale,
489 674 568 729 utpote
579 672 664 715 directe
675 684 747 729 oppo-
767 701 769 704 v

65 732 110 776 sita
121 731 193 775 arnori
204 731 368 787 benevolentiae
380 745 436 789 erga
444 733 526 781 Deum.

95 791 140 841 97.>
150 816 180 823 -
190 791 260 847 Resp.
274 791 315 835 ΙΙΙ.
329 791 395 835 Filiae
411 792 495 836 acediae
509 795 562 836 sunt
574 792 595 835 1.
608 792 691 837 Odium
703 792 747 846 spi·

3 860 5 865 ¹
64 849 190 904 ritualium,
203 863 247 907 quo
258 850 308 906 quis
319 850 390 895 vellet
404 864 431 894 ea
441 864 485 895 non
497 863 556 905 esse,
573 851 697 895 contemnit
707 850 748 896 Ilei

65 910 206 964 beneficium,
223 923 246 953 v.
265 924 300 965 gr.
319 910 369 954 vult
386 923 467 965 senon
483 911 604 965 agnovisse
622 911 747 963 Christum,
779 945 781 948 f

65 969 746 1025 exigentemabnegationemsniproconsequendaielioilate:

65 1041 89 1072 se
101 1042 144 1072 non
155 1042 205 1074 esse
217 1032 319 1074 vocatum
332 1029 360 1072 ad
374 1028 518 1085 religionem,
532 1029 560 1072 ob
571 1028 714 1072 difficultates
725 1029 748 1071 in

65 1101 92 1134 ea
104 1090 250 1145 superandas.
263 1089 285 1133 2.
298 1089 480 1134 Pusillanimitas
491 1089 514 1133 in
524 1089 683 1146 aggrediendis
692 1089 747 1144 illis,

66 1162 116 1205 quae
127 1150 155 1192 ad
166 1150 207 1194 Dei
219 1150 349 1205 obsequium
361 1152 472 1206 spectant.
485 1150 508 1193 3.
523 1150 657 1206 Desperatio
670 1151 696 1193 de
709 1163 749 1194 su-

65 1209 171 1265 perandis
180 1209 358 1263 difficultatibus,
372 1212 395 1254 et
402 1210 557 1266 consequenda
565 1208 646 1253 salute.
656 1210 678 1253 4.
687 1210 759 1253 Ηειη-4

65 1281 113 1323 our,
126 1281 165 1312 seu
176 1268 302 1325 indignatio
313 1270 422 1313 adversus
433 1283 480 1322 eos,
497 1269 536 1324 qui
547 1269 575 1312 ad
591 1268 701 1313 virtutem
711 1268 750 1312 in-

65 1329 157 1383 duount,
175 1332 198 1372 et
208 1328 323 1372 fervorem
338 1328 440 1386 exigunt.
459 1329 481 1374 5.
499 1328 588 1384 Torpor
601 1342 640 1372 seu
653 1328 750 1385 languor

65 1388 143 1442 animi,
164 1388 188 1431 in
204 1388 324 1444 implendis
341 1389 470 1444 praeceptis.
490 1388 513 1433 6.
537 1388 650 1442 Evagatio
666 1389 750 1433 mentis

65 1447 89 1491 in
103 1447 214 1501 oratione,
227 1448 322 1504 aliisque
333 1448 448 1492 exercitiis
458 1447 616 1505 spiritualibus
631 1458 636 1490 τ
651 1459 750 1503 ,quorum

65 1508 168 1563 gravitas
177 1509 226 1552 tum
238 1522 266 1552 en
277 1509 375 1565 obJ'eeto‚
392 1511 442 1553 tum
458 1521 487 1552 ex
502 1506 591 1562 effectu,
604 1520 671 1565 quem
682 1508 750 1551 indu-

65 1573 126 1622 cunt,
145 1568 307 1612 consideranda
317 1571 353 1612 est
362 1566 404 1626 (1).

242 1702 353 1749 Rerrzrdio
364 1704 445 1747 ueratro
455 1699 572 1748 Aradium.

10 1838 13 1861 3
97 1808 135 1851 98,
150 1834 180 1840 -
194 1809 305 1853 Primum.
318 1810 442 1854 Considera
459 1812 543 1865 quanta
553 1808 608 1852 feeit
619 1821 660 1864 pro
676 1808 750 1865 gloria

67 1868 153 1922 Patris,
172 1871 196 1911 et
210 1870 283 1913 salute
301 1870 383 1913 animae
404 1872 449 1912 tuae
469 1869 572 1925 Christus
592 1868 707 1921 Salvator,
728 1871 751 1912 et

67 1930 118 1972 Rex
132 1930 193 1979 tuus,
210 1929 244 1971 tui
256 1943 298 1972 non
316 1928 434 1983 indigens,
446 1931 469 1972 et
479 1932 504 1973 tu
516 1926 581 1984 parvi
593 1928 692 1984 pendas?
707 1928 751 1973 Su-

68 1983 173 2033 oundum.
192 1987 304 2045 Quidquid
314 1989 375 2032 Deus
393 1992 499 2045 operatur
516 1989 544 2032 ad
562 1991 636 2042 entra,
654 1989 682 2031 ad
699 1986 750 2030 ani-

68 2061 157 2093 marum
169 2051 299 2091 nostrarum
310 2048 407 2092 salutem
423 2049 627 2106 operatumomnia
639 2048 751 2092 desideria

67 2109 126 2164 ojus,
139 2108 213 2150 omnis
223 2121 278 2152 eura
288 2108 445 2164 providentiae,
457 2122 534 2153 omnes
545 2108 707 2152 miserioordiae
719 2107 752 2149 ei·

67 2168 141 2211 fectus
153 2167 292 2221 adtendunt,
304 2169 329 2211 ut
337 2180 389 2211 eum
400 2180 510 2224 amemus,
520 2171 544 2213 ei
555 2166 664 2223 colamus,
675 2167 752 2223 sieque

89 2290 115 2346 p)
125 2299 150 2335 m.
162 2300 179 2337 s
192 2300 255 2334 mom.
265 2299 283 2334 a.
295 2299 312 2334 a.
322 2309 341 2344 q.
352 2286 381 2334 ‘aa
390 2310 406 2337 a.
417 2302 433 2336 r.
