1567 2412
63 69 93 114 60
147 85 376 117 nno-conrnssnatos
392 84 505 117 rnno'rton
520 60 662 115 insincerus
680 118 683 130 ,μ

160 150 162 158 t

64 163 280 226 motiivalenter,'illi
292 171 314 214 in
326 171 464 215 conscientia
474 185 518 215 non
529 173 564 215 est
575 169 684 227 obligatio
695 182 746 219 res-

63 233 170 284 tituendi,
180 231 230 275 'nisi
244 231 303 274 forte
317 231 421 287 specialis
441 234 570 275 contractus
586 230 744 284 intervenerit,

64 291 137 347 qualis
148 290 184 334 hic
195 305 238 334 non
254 291 391 344 intervenit3
405 291 452 344 sed,
463 290 522 336 siout
536 290 684 346 suscipientes
696 290 748 333 offi-

64 352 124 393 cinm
144 350 255 404 advocati,
274 350 364 403 medici,
382 350 505 394 consiliarii
521 364 565 395 non
583 350 703 393 intendunt
723 363 746 393 sc

64 409 173 466 obligare,
186 410 229 454 nisi
241 411 269 454 ad
286 411 427 467 diligentiam
444 418 594 465 communem,
607 411 747 467 cavendnm-

1 526 2 529 *
19 485 22 487 “
65 485 107 527 qim
125 472 200 514 (tolum
216 474 239 513 et
256 472 344 527 culpam
361 472 440 524 latam,
453 472 634 527 qnaeconJ'unota
653 470 746 513 situum

64 531 130 586 culpa
140 530 267 585 theologica
276 531 359 587 gravi,
372 544 443 587 neque
455 531 499 574 nisi
515 545 543 574 ex
557 531 600 574 hac
615 530 638 573 in
649 528 698 572 foro
709 530 746 571 in-

64 596 128 634 tcrno
137 592 243 634 tenentur
256 591 283 633 de
298 591 393 635 damnis.
412 591 450 633 Sic
469 603 510 632 nec
522 589 673 639 confessarius
686 588 746 632 obii-

64 651 128 706 gant
140 664 163 693 se
175 650 292 706 poenitenti
304 651 405 705 gnavius,
416 664 457 692 nee
466 653 557 692 tenetur
566 651 593 692 de
605 651 685 693 tlarnno
698 649 746 691 sine
780 700 782 704 Ι

64 709 129 765 culpa
145 710 214 766 ipsius
233 715 318 755 secuto.
335 712 404 754 Ratio
424 710 527 754 secundae
546 710 618 766 partis
637 711 680 763 cst,
693 708 746 764 quia

64 770 163 813 charitas
173 770 281 827 postulat,
295 773 328 824 ut,
338 770 377 813 nbi
387 772 502 813 commode
514 783 613 827 possum,
624 769 746 824 impediam

64 831 169 873 damnum
180 830 286 885 proximi.
298 830 367 875 Ratio
384 831 460 874 tentiae
475 830 547 887 partis
561 835 604 884 est,
617 829 670 885 quia
680 832 746 873 teue-

64 896 101 933 tur
110 890 228 945 impedire,
239 904 267 933 ne
281 890 340 934 actio
351 905 392 934 sua
404 891 522 945 moraliter
531 902 680 946 perseverans
691 901 747 945 pen-

64 952 103 1005 gat
122 951 256 993 continuare·
272 952 387 1005 damnum,
407 950 473 1004 sicut,
490 950 573 993 si-iine
591 950 657 1007 culpa
674 949 745 993 alium

63 1009 207 1053 infamassent
215 1009 326 1065 graviter,
334 1011 370 1052 vel
378 1009 473 1053 alterius
485 1010 575 1052 domum
586 1009 744 1062 incendisscm,
759 1009 760 1013 ’

44 1078 46 1081 ·
64 1073 154 1113 tenerer
165 1070 293 1126 exjustitia
309 1069 420 1114 resarcire
433 1068 526 1123 famam,
537 1070 561 1113 et
572 1069 713 1125 extinguere,
726 1068 746 1112 si

64 1142 163 1185 possum,
174 1130 310 1174 incendium.
323 1130 384 1184 Dixi,
388 1130 548 1186 tractabiliter,
559 1130 611 1185 quia
622 1129 709 1182 Navan
723 1134 747 1172 et

27 1210 29 1214 ·
65 1188 158 1243 Sanch„
171 1190 251 1234 docent
261 1202 358 1246 quoque,
370 1189 518 1246 probabiliter
532 1190 605 1233 teneri
614 1191 704 1233 tantum
717 1201 746 1231 ex

64 1248 191 1303 charitate,
216 1250 304 1306 qnando
325 1250 373 1294 sine
392 1262 475 1306 magno
493 1249 634 1293 incommodo
654 1261 746 1292 monere

64 1310 147 1366 potest,
155 1308 207 1365 qnia
216 1321 257 1353 nec
268 1322 296 1353 ex
306 1310 371 1366 culpa
377 1311 531 1363 antecedente,
538 1323 580 1353 nec
589 1322 617 1352 en
626 1322 651 1352 re
663 1309 745 1363 aliena,

63 1382 104 1413 nec
112 1370 161 1424 J'am
177 1381 206 1414 ex
221 1369 295 1414 officio
305 1372 397 1413 tenetur
413 1382 513 1426 monere,
524 1383 575 1413 cum
587 1369 683 1411 officium
696 1382 748 1412 ces·

63 1432 117 1474 set:
135 1429 202 1482 sicut,
219 1428 331 1486 inquiunt,
342 1430 362 1473 si
380 1443 394 1473 a
408 1429 458 1473 fure
475 1430 612 1486 accepissem
628 1430 686 1472 dono
705 1440 746 1472 vas

63 1489 196 1546 pretiosum,
209 1493 232 1534 ct
248 1491 306 1534 bona
324 1490 367 1534 ilde
383 1490 501 1534 donassem
513 1489 589 1543 alteri,
603 1488 682 1546 postea
699 1501 747 1530 res-

63 1549 124 1592 ciens
138 1549 338 1604 immolantium,
351 1563 394 1593 non
405 1554 497 1594 tenerer
508 1563 537 1594 ex
549 1549 641 1604 justitia
656 1549 747 1593 domino

64 1609 146 1651 dicere.
159 1609 238 1652 Prima
249 1610 362 1653 sententia
372 1609 509 1664 probabilior
521 1611 555 1653 est
565 1608 607 1667 (l),
620 1622 660 1652 nec
672 1610 748 1652 obstat

64 1668 191 1724 exemplum
205 1681 210 1713 :
223 1682 275 1713 nam
293 1669 311 1713 si
329 1668 420 1713 donatio
431 1682 482 1713 mea
499 1672 559 1712 esset
570 1682 646 1722 causa,
658 1681 698 1712 cur
709 1668 748 1711 do·
779 1684 781 1686 ·

63 1728 138 1771 minus
147 1742 188 1772 vas
205 1742 249 1772 non
268 1728 389 1785 reciperet,
400 1731 491 1773 tenerer
504 1742 612 1772 revocare
626 1728 698 1782 illam,
709 1727 747 1770 vel

65 1788 154 1832 domino
168 1789 243 1833 dicere
251 1802 283 1834 ex
290 1789 390 1845 justitia.
400 1789 452 1833 Non
463 1792 553 1847 tenetur
569 1786 747 1846 tamenconfes-

90 1954 112 1999 (t)
121 1965 132 1987 «
141 1956 201 1996 Ratio,
209 1956 259 1999 quia,
271 1955 313 1991 licet
322 1955 443 1990 confessarius
450 1957 490 1990 sine
500 1956 552 2002 culpa
561 1957 623 1992 saltem
632 1957 680 2003 grani
690 1956 748 2001 poeni-

65 2006 130 2036 tentem
141 2000 268 2046 deobligarerit
276 2012 288 2037 a
295 2002 407 2037 restitutione
415 2002 485 2047 debita,
499 2008 559 2038 tamen
572 2013 611 2038 cum
621 2013 673 2038 sumn
689 2005 748 2041 consi,

65 2047 109 2082 lium
119 2047 266 2092 pergat-influere
276 2048 295 2083 in
310 2049 394 2083 damnum
409 2049 509 2094 creditoris,
523 2051 594 2095 cognito
604 2060 663 2085 errore
677 2055 749 2086 tenetur

65 2095 103 2138 ipse
118 2103 140 2127 ex
153 2093 224 2138 justitia
235 2104 305 2129 cansam
317 2096 378 2130 damni
392 2096 468 2140 auferre,
484 2096 500 2131 si
514 2097 605 2132 commode
619 2101 687 2141 potest3
702 2097 748 2134 alias

65 2141 155 2186 obligatur
169 2139 269 2183 restituere,
279 2151 318 2176 cuni
330 2142 358 2176 bio
372 2147 389 2176 et
402 2151 449 2177 nunc
458 2143 497 2187 ipsc
507 2143 531 2178 sit
539 2152 594 2177 causa
606 2143 666 2178 damni
674 2151 687 2178 ε·
696 2149 748 2188 prout

65 2189 80 2223 si
91 2187 132 2233 quis
142 2187 180 2222 sinc
189 2187 242 2232 culpa
251 2188 299 2232 grani
309 2188 390 2223 accendit
400 2189 458 2235 ignem
468 2189 486 2223 in
496 2196 574 2236 segetem
583 2189 666 2234 alienam,
676 2195 748 2227 tenetur

65 2242 136 2316 ἓοεὲῖθῗ,
146 2234 165 2316 4si
176 2234 273 2316 ltcbolmde
282 2239 348 2280 potest,
358 2236 455 2280 exjustitia
465 2235 516 2271 illum
526 2237 634 2283 extinguere.
645 2248 657 2271 »
665 2238 684 2274 S.
694 2238 747 2285 atph.

78 2307 83 2325 t
129 2306 163 2326 ¹1
211 2304 216 2316 ¹
483 2301 485 2304 “
643 2310 645 2314 ’
