1577 2464
77 123 125 167 242
163 136 396 169 nno-conrnssnaius
412 136 523 167 ranorroa
539 135 680 168 inserueras

81 223 142 267 dicat
156 233 184 268 ‘se
204 222 304 267 dolorem
327 227 349 267 et
366 223 506 280 propositum
523 222 615 267 habere.
629 221 698 266 Ratio
716 223 760 279 est,

79 285 134 341 quia
142 282 307 337 Confessarius
320 287 397 340 utpote
404 285 483 341 judex,
496 284 561 327 debet
572 284 694 339 prudenter
703 283 764 338 judi·

81 358 142 398 care,
155 357 220 387 reum
238 358 287 388 esse
304 358 410 400 capacem
425 343 583 398 absolutionis;
595 343 651 388 alias
660 343 764 387 abutitur

82 416 124 447 sua
133 406 256 460 potestate,
269 406 347 458 estque
359 404 505 458 praesumptio
516 406 594 446 contra
605 403 773 460 poenitentem,

83 463 120 506 ubi
132 478 175 505 non
187 466 240 505 sunt
250 462 333 504 indicia
344 463 372 504 ad
381 462 492 518 judicium
508 463 605 518 prudens
621 462 764 505 formandum

80 523 227 578 sufficientia3
240 536 290 565 cuin
308 522 327 565 is
341 521 409 565 fidem
427 536 487 579 saepe
504 523 580 567 datam
597 521 712 575 fefellerit,
729 521 766 564 la-

83 588 190 640 teantque
205 583 227 625 in
247 582 450 627 consuetudinariis
466 583 532 639 pravi
551 583 650 636 habitus,
668 581 766 624 inclina-

83 645 156 687 tiones
178 646 201 685 et
215 642 281 698 pravi
295 641 397 695 affectus,
410 656 466 697 quos
480 644 646 698 experirentur,
658 644 677 686 si
690 656 713 684 se
725 656 764 684 co-

83 718 133 747 ram
143 705 189 747 Deo
199 702 363 754 examinarent,
376 704 399 745 et
411 702 572 745 conscientiam
586 716 649 746 suam
660 702 765 746 consule-

84 767 143 815 rent,
154 777 177 805 v.
191 776 213 816 g.
227 775 231 805 :
246 775 283 815 an,
296 760 316 804 si
329 765 461 804 occurerent
472 762 593 805 ordinariae
605 763 731 806 occasiones
743 765 766 805 et

82 824 205 874 illecebrae,
218 836 261 864 non
272 825 348 867 essent
359 822 433 876 parati
443 835 520 876 agere,
532 823 656 878 negligere,
667 826 693 866 ut
704 825 764 874 ante,

83 884 158 926 redire
179 881 207 924 ad
226 880 340 925 consortia
360 883 383 924 et
399 881 514 937 pericula?
532 883 597 925 Unde
615 882 722 937 languida
743 890 766 924 et

84 942 207 984 inefficacia
218 954 278 996 saepe
290 944 341 983 sunt
349 953 427 982 eorum
436 940 562 997 proposita,
570 941 650 996 quibus
661 942 767 993 retineas

84 1016 127 1044 non
139 1000 252 1043 auertitur
261 1014 275 1042 a
284 1000 381 1055 peccatis
389 1011 394 1053 ;
402 1001 443 1053 ita,
451 1004 475 1042 ut
483 1001 502 1043 si
514 1014 571 1043 nunc
581 1001 670 1044 adesset
679 999 766 1043 occasio

84 1064 129 1105 ista
140 1059 265 1117 repetendi,
278 1060 340 1103 nulla
349 1060 437 1103 ratione
448 1060 580 1104 admitteret
591 1060 613 1103 in
626 1061 653 1104 iis
665 1060 768 1117 coniolo-⁴

81 1123 190 1174 centiam,
202 1123 242 1163 aut
254 1120 391 1163 desiderium
402 1133 478 1163 eorum
488 1133 494 1174 ς
506 1121 559 1163 talis
574 1124 650 1164 autem
663 1121 767 1164 voluntas

85 1181 209 1237 requiritur
226 1180 253 1223 ad
269 1180 418 1236 propositum.
431 1180 452 1223 2.
467 1180 492 1223 Si
508 1179 663 1223 Confessarius
682 1180 767 1233 viudicet

82 1243 144 1298 <quod
154 1240 273 1294 alisolutiO,
288 1245 340 1283 ante
352 1240 418 1283 nimis
434 1241 499 1284 facile
515 1241 625 1296 impensa,
638 1255 716 1283 ansani
732 1242 768 1283 le-

82 1303 145 1343 -derit
157 1301 291 1354 relapsibus,
305 1303 329 1342 ut
340 1299 433 1354 proinde
445 1301 507 1342 nulla
523 1302 553 1342 sit
564 1314 614 1355 spes
625 1301 767 1342 emendatio·
777 1330 779 1332 ψ

86 1362 128 1411 nis,
140 1361 158 1403 si
169 1359 251 1403 iterum
261 1359 339 1403 statim
348 1360 425 1413 detur;
435 1360 555 1413 absolutio,
564 1373 635 1414 perse
646 1360 765 1415 loquendo,

85 1420 209 1464 differenda
219 1423 262 1473 est,
271 1419 314 1462 etsi
326 1418 482 1463 Coralessarius
491 1419 613 1475 prudenter
618 1420 713 1475 judicet,
723 1432 769 1475 patie-

84 1482 196 1525 nitentem
207 1480 243 1522 nie
256 1483 279 1522 et
299 1493 356 1522 nunc
368 1493 417 1523 esse
428 1479 570 1535 dispositum.
583 1479 652 1522 Ratio
664 1482 707 1533 est,
715 1480 769 1535 quia

86 1542 114 1585 ad
125 1539 300 1593 Confessarium,
308 1542 385 1595 utpote
397 1540 630 1595 medicum,pertinet‚
639 1553 683 1583 non
694 1540 768 1583 solum

86 1602 181 1645 vulnera
192 1614 272 1644 curare
283 1599 414 1656 praesentia,
422 1599 461 1642 sed
470 1600 539 1643 eti-am
550 1600 625 1643 media
637 1613 768 1657 praeserva-

86 1663 135 1706 tiva
147 1676 160 1704 a
170 1662 261 1717 relapsu
272 1661 388 1704 adhibere.
403 1659 470 1714 Hinc,
485 1660 504 1703 si
520 1660 650 1704 dilationem
657 1660 768 1717 J'udicarit

37 1759 39 1762 ,
87 1721 245 1774 necessariam,
256 1722 373 1763 teneretur
384 1719 462 1761 differe
474 1720 650 1773 absolutionem
660 1721 680 1764 si
691 1724 768 1764 autem

88 1794 132 1823 non
149 1779 299 1823 necessariam
319 1779 418 1834 quidem,
432 1781 532 1822 attamen
542 1780 609 1823 valde
621 1780 712 1832 utilem3
725 1794 769 1824 non

39 1841 41 1844 ’
86 1843 204 1884 teneretur
215 1839 313 1894 quidem,
326 1841 403 1894 posset
418 1841 503 1892 tamen,
515 1840 640 1895 poenitente
655 1839 770 1897 (licethoc
783 1887 785 1891 ,

88 1899 201 1942 ordinarie
212 1913 256 1941 non
271 1896 385 1954 expediat)
396 1897 464 1941 etiam
475 1898 547 1943 invito
558 1897 563 1942 ':
578 1899 630 1954 quia
640 1900 722 1942 medici
734 1905 769 1943 est

87 1959 208 2017 providere
226 1958 324 2008 infirmo,
334 1958 462 2013 praesertim
478 1959 517 2001 ubi
532 1958 609 2014 agitur
623 1959 691 2003 simul
702 1974 770 2003 causa

88 2020 161 2074 tertii,
174 2017 208 2062 uti
219 2019 255 2062 liic
267 2018 344 2075 agitur
355 2031 422 2063 causa
432 2018 474 2064 Dei
484 2023 508 2063 et
520 2018 610 2063 Domini
626 2020 706 2073 nostri,
718 2034 770 2063 nra-

85 2082 169 2136 jusque
193 2079 276 2121 bonurn
295 2083 330 2121 est
349 2080 377 2122 ad
398 2080 466 2122 breve
487 2085 576 2136 tempus
595 2093 672 2123 carere
694 2081 770 2137 gratia

88 2154 154 2196 quam
168 2142 244 2183 tamen
256 2138 367 2195 poenitens
380 2137 586 2194 per'contritionem
598 2140 715 2195 acquirere
727 2154 769 2196 po·

88 2203 144 2254 test,
161 2212 212 2242 cum
230 2212 270 2254 spe
281 2211 332 2240 eam
349 2198 445 2242 habendi
464 2199 568 2254 deinceps
585 2205 769 2254 perseveranter,

89 2273 157 2316 quam
178 2258 258 2304 statim
277 2270 328 2303 eam
347 2258 448 2318 accipere
470 2272 521 2303 cum
540 2258 648 2316 praesenti
669 2259 770 2316 periculo

66 2360 74 2364 ..
88 2318 153 2367 illam
163 2319 232 2381 paulo
243 2322 295 2380 post
310 2320 392 2366 iterum
410 2318 537 2366 amittendi.
551 2319 700 2378 Experientia
710 2320 770 2369 enini
