1577 2464
75 85 119 138 238
157 87 384 130 uuo-oouusssnnius
400 98 513 130 ruderico
529 96 670 128 msruuouus

74 182 173 226 efficacia
188 183 295 229 adhibeat
310 187 332 227 et
343 185 455 235 emendet,
468 196 534 240 quam
548 183 572 226 ut
581 182 674 232 ¹deserat
689 195 756 225 oeoa-

75 243 169 298 sionem,
183 257 209 288 eo
221 246 279 301 quod
293 245 418 302 perieulum
433 244 528 288 formale
538 253 652 299 nunquam
664 243 694 287 sit
705 242 761 285 ine-·

76 304 178 347 vitabile.
759 324 760 327 ¹

318 450 462 498 QUAESTIO
471 450 512 493 Ill.

109 551 168 606 (duis
179 550 286 596 dicendus
296 551 328 595 sit
339 551 554 597 corrodetudiuerlus
568 553 590 598 et
599 550 727 597 recidivus?

111 650 151 688 lib.
160 649 330 685 Consuetudinarius
341 649 412 693 dieitur,
421 650 452 695 qui
460 662 481 685 ex
490 651 553 685 habitu
561 651 580 685 in
591 651 665 686 materia
676 657 724 685 serta

326 696 428 741 frequenter
437 703 503 742 peccat.

107 786 157 828 175.
166 810 196 816 -
207 787 277 839 Resp.
288 785 601 839 Consuetudinariusdieitur,
614 786 652 842 qui
659 785 757 829 exinoli·

76 846 179 894 natione,
196 844 233 886 vel
248 844 327 886 habitu
347 847 465 899 peractus
482 844 639 899 frequentatos
653 845 675 886 in
695 850 757 888 certa

8 922 10 925 ·
75 905 149 961 speeie
156 904 242 961 peceati
252 917 275 947 v.
285 917 320 960 gr.
332 903 488 960 blasphemiae,
498 904 601 959 perjurii,
611 904 757 960 imprecatio-

76 965 119 1016 nis,
130 964 362 1016 luxuriae,eontraeto,
373 964 504 1018 frequenter
514 965 624 1006 relabitur
635 966 658 1006 in
670 969 757 1008 eertum

76 1029 200 1081 peceatum.
215 1024 270 1067 (lum
281 1023 478 1066 consuetudinario
493 1023 559 1067 multi
571 1023 709 1067 confundunt
718 1038 760 1084 ref

76 1086 184 1137 eidivum,
202 1098 268 1139 quem
285 1085 365 1134 dieunt,
377 1084 450 1136 illum,
472 1084 509 1139 qui
527 1084 617 1127 iteretis
637 1084 756 1139 aliquoties

76 1145 262 1198 confessionibus,
281 1147 332 1200 post
349 1144 450 1200 singulas
467 1143 617 1187 confessiones
636 1145 659 1187 in
679 1146 757 1188 eadem

76 1209 169 1260 peecata
180 1204 293 1247 reincidit.
303 1205 389 1247 Verum
400 1205 423 1245 in
434 1204 510 1258 rigore
521 1204 580 1245 idem
594 1218 636 1245 non
649 1208 684 1247 est
697 1217 701 1246 :
713 1206 756 1248 etsi

77 1264 137 1306 enirn
149 1265 221 1305 omnis
232 1263 441 1305 consuetudinarios
453 1265 483 1305 sit
492 1263 613 1317 recidivus,
627 1277 669 1305 non
681 1266 757 1306 tainen

76 1328 163 1367 eontra.
176 1322 244 1376 Nam,
257 1322 295 1377 qui
306 1323 376 1365 semel
386 1322 489 1377 relapsus
500 1325 535 1364 est
545 1323 568 1364 in
577 1327 692 1378 peecatum
703 1327 756 1366 ente
774 1331 777 1333 ’

77 1384 206 1435 remissum,
226 1396 279 1424 vere
290 1383 404 1426 recidivus
417 1387 460 1436 est,
473 1385 604 1425 nontamen
616 1384 757 1427 eonsuetudi-

77 1444 167 1497 narios,
180 1442 238 1485 sieut
252 1445 275 1484 et
289 1442 311 1482 iu
323 1442 439 1483 oeeasione
454 1441 558 1496 proxima
569 1441 670 1498 relapsus
681 1446 757 1497 potest

77 1505 171 1546 neudum
183 1515 233 1545 esse
246 1502 463 1545 consuetudinarios¹
477 1501 532 1549 Quae
543 1506 619 1544 autem
630 1501 758 1558 frequentia

76 1562 207 1619 relapsuum
221 1560 360 1617 requiratur,
378 1564 404 1603 ut
421 1560 502 1616 aliquis
513 1560 600 1605 dicatur
611 1562 757 1605 eonsuetudi-

77 1624 155 1667 narius
166 1627 189 1665 et
199 1623 331 1666 tractandus
353 1623 378 1663 ut
389 1620 456 1674 talis3
470 1635 512 1663 non
525 1634 576 1676 una,
589 1625 614 1666 ut
625 1622 673 1665 dixi
683 1622 711 1665 de
722 1636 758 1666 oe-

43 1701 45 1707 1
78 1683 168 1725 easione
178 1684 289 1736 proxima,
305 1680 387 1735 regula
399 1680 547 1724 definiendum
564 1685 607 1736 est,
624 1682 663 1725 sed
681 1684 758 1727 atten-

79 1742 175 1785 dendum
195 1742 223 1784 ad
242 1744 347 1783 naturam
367 1743 390 1783 et
409 1739 590 1785 circumstantias
608 1741 708 1798 peceati,
729 1741 758 1787 ad
780 1774 782 1783 i

78 1804 168 1858 tempus
185 1802 319 1856 modumque
337 1799 491 1843 committendi
511 1804 612 1857 peecata.
628 1802 687 1846 Nam
703 1815 758 1858 pee-
775 1805 776 1809 ’

79 1863 139 1915 eata,
162 1873 212 1915 quae
230 1859 484 1916 oraret-cogitatione
501 1861 567 1915 fiunt,
589 1861 646 1905 sieut
668 1858 757 1906 facilius

20 1937 22 1939 ·
79 1920 259 1975 committuntur,
272 1919 304 1963 sio
315 1920 388 1974 major
399 1920 421 1962 in
437 1919 465 1965 iis
476 1920 601 1976 requiritur
610 1935 717 1967 numerus
728 1920 757 1967 ad

79 1980 231 2038 frequentiam
242 1993 270 2022 ex
281 1980 447 2022 consuetudine.
461 1982 519 2025 Dein
530 1983 558 2024 ad
571 1981 757 2026 consuetudinem

79 2042 227 2098 requiruntur
246 2039 349 2097 relapsus
367 2053 407 2096 per
427 2041 526 2086 notabile
547 2045 637 2099 tempus
655 2055 661 2088 :
684 2055 757 2100 neque

78 2103 147 2156 enim,
160 2099 198 2157 qui
209 2113 250 2157 per
261 2113 326 2142 unam
339 2103 426 2144 tantum
436 2102 599 2145 hebdomadam
610 2103 647 2146 vel
655 2116 756 2147 mensem

78 2163 210 2219 frequenter
228 2162 264 2202 est
280 2160 390 2216 relapsus,
405 2162 425 2204 is
436 2162 646 2206 consuetudinarios
658 2162 755 2219 dieitur3

78 2224 101 2265 et
109 2221 221 2277 relapsus,
231 2218 269 2275 qui
280 2220 399 2262 censentur
406 2220 535 2277 frequentes
547 2224 650 2277 respectu
662 2221 754 2279 ootidui,

78 2295 122 2327 nou
137 2282 258 2328 censentur
273 2277 401 2337 frequentes
417 2283 521 2340 respectu
530 2281 618 2342 aliquot
633 2280 755 2339 mensium.
