1577 2464
258 32 323 81 'anns
338 48 372 91 nr,
389 48 464 80 cnruu
478 48 503 80 vr
675 34 723 80 305

43 129 170 179 collaudetis
182 135 304 191 permerito
315 133 468 178 testimonium
483 132 582 178 oliorum
596 119 723 179 certiche-

44 192 100 237 beut.
114 193 143 235 Et
154 193 213 237 idern
232 196 292 238 esset
306 193 324 236 si
337 191 375 248 qui
390 193 431 249 sigi
442 207 455 237 a
466 194 605 250 poenitentiae
616 195 723 238 viderunt

45 265 88 296 non
103 253 199 309 amplius
210 257 286 298 essent
301 257 425 310 praesentes
443 254 541 308 infirmo,
559 255 630 297 sedin
647 255 723 309 platea
787 270 788 273 ¹

45 313 162 356 Sacerdoti
171 313 296 356 occurrenti
309 313 441 357 indicarent.
454 313 522 357 Ratio
532 315 567 357 est
579 314 664 356 eadem.
673 313 723 356 Ne-

45 385 96 428 que,
107 372 126 415 si
141 374 286 417 moribundus
302 373 390 417 ratione
400 376 422 417 et
432 374 533 418 sensibus
545 373 575 418 sit
592 372 722 426 destitutus,

44 433 118 488 magis
137 432 163 476 fit
181 433 290 476 confessio
310 433 421 476 sacerdoti
437 433 543 490 praesenti
561 446 574 476 a
589 435 648 476 teste
662 445 725 487 prae·
771 468 773 471 ,

46 496 117 545 sente,
126 506 193 548 quam
204 494 308 548 absente3
319 506 369 536 curn
377 493 522 537 moribundus
531 506 574 537 non
586 492 724 549 sitpraescns

45 551 199 606 confessario,
213 554 238 596 ut
252 568 302 595 cum
317 567 343 595 eo
360 554 457 595 hurnano
468 555 533 595 modo
545 552 617 608 possit
636 562 723 606 agere:

46 610 174 665 ergosiout
183 610 206 653 in
222 611 294 668 primo
309 625 361 667 casu
381 611 491 657 confessio
505 610 593 657 absenti
607 608 726 655 Sacerdoti

46 669 106 714 facta
115 672 138 713 in
147 671 224 714 ordine
231 674 259 715 ad
266 668 428 723 absolutionem
437 673 563 730 apraesenti
572 671 726 729 accipiendam

47 731 136 784 sufficit,
149 731 181 773 sio
193 732 247 775 etin
259 745 312 775 casu
323 734 427 776 secundo.
609 770 611 773 Α

76 789 129 834 218.
138 814 169 822 -
178 792 248 847 Resp.
259 792 300 836 ill.
310 792 465 846 Moribundus,
475 790 513 848 qui
524 790 646 836 christiane
655 789 727 846 vixit,

44 850 136 911 Jamque
151 851 253 896 sensibus
267 855 290 897 et
305 852 394 909 loquela
405 852 535 906 destitutus,
548 865 588 895 nec
600 851 664 907 signa
674 863 726 907 pce-
782 878 784 880 ·

47 911 149 954 nitentiae
160 914 251 955 notatur
262 913 324 966 dare,
337 926 377 955 nec
388 912 475 956 dedisse
486 914 585 966 constat;
600 912 640 955 sub
650 909 726 954 condi-

47 970 107 1013 tione
121 971 269 1015 absolvendus
280 975 315 1015 est
325 985 330 1015 :
342 975 398 1025 tum,
411 971 464 1027 quia
478 973 506 1015 ad
521 974 624 1014 extrema
635 969 725 1013 deducti

47 1033 167 1074 censentur
184 1031 231 1074 Deo
245 1031 304 1075 velle
318 1031 433 1076 conciliari
444 1035 467 1076 ct
489 1031 611 1076 christiane
627 1029 685 1073 mori
703 1032 727 1078 et

48 1104 107 1146 saepe
121 1092 175 1133 dant
188 1092 260 1146 signa,
272 1104 322 1147 quae
332 1105 375 1134 non
388 1093 538 1135 advertuntur
549 1092 609 1143 data,
620 1091 647 1133 ad
659 1090 727 1132 abso-

47 1149 156 1192 lutionem
167 1150 319 1205 accipiendam
331 1163 335 1193 :
346 1154 403 1202 turn,
416 1150 468 1207 quia
479 1151 528 1194 vita
543 1149 665 1193 christiane
677 1150 728 1192 acta

48 1212 83 1251 est
93 1210 248 1253 testimonium
258 1211 368 1266 quoddam
386 1211 518 1264 voluntatis,
531 1213 554 1253 et
568 1208 648 1266 petitio
657 1209 728 1252 tacita

48 1268 194 1312 absolutionis
206 1282 211 1312 2
223 1271 260 1324 qui
270 1271 329 1313 enim
339 1269 461 1314 christiane
473 1269 539 1323 vivit,
550 1272 612 1313 recte
623 1271 728 1312 censetur

49 1328 107 1370 velle
125 1328 248 1372 christiane
265 1330 332 1384 mori,
347 1333 458 1386 etpetere
473 1334 575 1373 extrema
593 1327 728 1373 Christianis
780 1331 781 1334 ’

48 1388 97 1431 dari
113 1389 187 1441 solita.
200 1389 230 1433 Et
242 1389 294 1432 hinc
309 1394 421 1440 censetur,
432 1389 450 1431 si
461 1390 543 1444 potuit,
561 1389 648 1431 dedisse
660 1388 727 1442 signa

48 1445 195 1502 poenitentiae.
208 1449 257 1490 Hoc
274 1449 380 1492 Gormatz
395 1453 417 1492 et
434 1449 473 1491 alii
489 1449 613 1491 extendunt
627 1448 726 1499 adeum,

49 1507 86 1563 qui
97 1507 156 1550 inale
168 1507 235 1562 vixit,
247 1510 313 1553 niodo
327 1508 397 1553 fuerit
414 1508 551 1562 Catholicae,
562 1508 581 1552 si
598 1507 728 1551 inveniatur

19 1597 21 1625 5
49 1568 150 1610 sensibus
162 1568 285 1612 destitutus
298 1582 303 1612 ι
314 1570 367 1624 qnia
382 1569 440 1612 tales
451 1582 511 1625 saepe
522 1570 617 1611 utuntur
631 1567 728 1620 ratione,

48 1627 147 1682 fidesque
159 1641 225 1682 quam
236 1628 259 1669 in
271 1628 386 1672 Christum
401 1628 515 1684 professus
526 1630 567 1682 est¹
581 1627 668 1684 praebet
679 1626 730 1668 iun·

49 1687 177 1730 damentnrn
187 1686 380 1744 judicandi‚'quod
391 1687 448 1732 velit
462 1687 571 1731 catholice
588 1687 655 1740 mori,
667 1689 690 1730 et
701 1685 730 1730 ad

49 1746 91 1788 hoo
102 1752 206 1801 conetur;
219 1761 259 1790 nec
272 1751 408 1802 constater
420 1762 463 1791 non
480 1747 567 1791 dederit
576 1746 641 1804 signa
654 1745 730 1803 poeni-

49 1807 135 1861 tentiae,
144 1820 194 1862 quae
204 1821 246 1849 non
257 1807 302 1851 sint
313 1811 399 1853 notata.
410 1809 483 1861 Unde,
494 1808 513 1852 si
524 1807 574 1864 quis
580 1807 603 1850 in
614 1806 687 1849 duello
694 1818 731 1848 ea-

49 1865 88 1909 dat
97 1869 236 1922 tempusque
247 1866 373 1910 intercedat
386 1867 543 1923 interlapsum
555 1869 578 1909 et
588 1869 694 1918 mortem‚
708 1868 732 1907 et

44 1924 731 1983 'praesumipossitadhucutiratione,censeripotestpuenitere

34 2011 36 2013 ·
50 1986 74 2028 et
88 1986 129 2028 sub
138 1986 265 2029 conditione
273 1987 358 2029 absolvi
368 1986 414 2044 (l):
425 1986 479 2042 quia
489 1985 538 2030 uita
548 1986 671 2029 christiane
680 1987 730 2027 acta
759 2003 761 2005 ’

50 2045 85 2087 est
92 2044 312 2103 aliquapoenitontiae
319 2045 473 2091 manifestatio
483 2060 527 2099 vnon
535 2056 729 2104 proquooumquc‚

74 2139 97 2185 ll]
106 2143 183 2177 <curiam
195 2149 252 2187 potest
262 2148 279 2178 et
287 2143 339 2178 dehet
348 2143 416 2178 absolui
432 2143 472 2186 (sub
482 2128 597 2188 conditione)
606 2144 658 2180 hoino
669 2140 732 2177 catho-

51 2184 104 2223 licus.
120 2188 189 2223 eiianisi
204 2189 223 2224 in
234 2190 298 2225 actuali
307 2194 380 2236 peccato
393 2189 477 2229 sensibus
491 2190 604 2231 destitistis,
617 2200 629 2227 >a
641 2186 659 2224 S.
672 2185 730 2235 atuh.

51 2229 70 2277 θ’
79 2232 120 2280 4835
130 2236 180 2289 Scau.
190 2235 221 2282 lii,
231 2235 272 2283 415,
744 2239 748 2254 ᾗ,
