1577 2464
1 77 2 80 Ἴ
18 144 20 148 ¹
48 80 93 134 ‘2221
130 100 362 153 uuo-counassnuius
378 97 490 135 antomon
506 79 647 135 rusruiiorus

24 204 26 207 ·
50 203 101 233 suos
119 189 204 234 invitos
224 190 275 234 aliis
295 191 387 235 ducibus
401 191 501 243 tendant,
517 189 554 232 vel
572 184 728 233 commutent:

50 249 78 300 si,
90 253 193 306 tempore
204 263 246 306 pro
263 264 307 307 quo
325 249 447 306 conscripti
463 251 515 293 sunt
536 247 621 304 elapso,
633 245 730 292 abeundi
757 286 760 290 .

50 308 183 353 facultatem
200 323 243 353 non
260 310 355 365 faoiant3
368 311 405 353 vel
419 310 526 353 abeuntes
537 310 598 360 tuno,
611 307 704 365 petitas
717 331 731 341 -

50 369 144 426 cultate,
158 369 252 426 puniant
264 383 269 415 :
283 370 301 416 si
318 369 430 427 stipendia
449 370 524 414 debita
538 369 680 425 subtrahant,
692 368 731 413 uel

50 430 192 485 diminuant3
205 436 245 475 aut
260 446 303 474 non
321 433 375 474 dent
392 431 467 474 debito
484 434 593 486 tempore,
606 430 659 473 dum
676 443 731 486 pos-

51 493 122 534 sunt:
136 490 155 534 si
171 491 198 533 de
214 492 307 544 vestitu,
320 493 345 534 ut
364 503 405 545 par
420 493 462 543 est,
482 504 525 533 non
537 489 670 546 provideant
682 501 688 533 :
701 489 733 545 si,

50 550 124 593 milite
136 554 233 602 mortuo,
242 550 377 605 stipendium
389 550 423 592 illi
434 551 534 593 debitum
545 549 588 593 sibi
599 550 729 602 reservent;

51 609 156 666 quiahoc
168 607 261 653 debetur
277 610 411 653 haeredibus.
425 610 536 654 Caeterum
554 624 595 653 usu
606 609 636 653 in
648 607 732 653 militia

51 674 151 725 recepto,
166 672 225 713 teste
242 670 276 712 La
293 670 369 722 Croix,
382 670 511 724 Capitaneis
531 670 659 713 conceditur
669 669 732 717 locus

7 726 8 729 ’
52 734 154 771 mortuus
171 741 211 784 pro
228 728 312 771 duobus
332 731 372 772 aut
389 729 462 772 tribus
477 729 576 783 famulis,
589 737 612 772 et
623 742 680 772 unus
691 742 732 784 pro
749 751 751 754 f

7 845 9 847 Ι
53 789 169 845 signifera
182 788 225 833 etsi
238 788 289 833 illos
301 792 353 833 actu
365 803 409 832 non
423 789 529 834 habeant.
542 790 645 847 Layman
657 792 680 834 et
690 787 733 833 Di-

53 853 109 893 cast.
126 850 203 892 dicunt
225 862 312 905 quoque
327 850 488 892 consuetudine
502 854 618 906 receptum
634 863 691 903 esse,
707 851 733 893 ut

7 938 10 940 -
52 910 130 964 trium,
151 909 187 952 vel
206 911 303 966 quatuor
317 909 431 952 mensium
447 909 559 965 stipendia
580 909 731 963 retineantur,

52 971 115 1025 quasi
127 970 271 1024 indeposim,
282 972 309 1011 ad
321 970 405 1011 milites
417 970 439 1010 in
456 970 527 1011 officio
545 971 699 1021 continendos,
710 972 733 1012 et

51 1028 162 1072 militibus
173 1028 278 1082 mortuis,
289 1028 345 1071 nihil
356 1029 410 1071 dare
421 1029 448 1071 de
458 1028 487 1071 iis
502 1029 638 1072 haeredibus.
649 1029 680 1072 At
689 1041 733 1084 quo

50 1088 117 1144 jure?
127 1090 171 1141 An,
182 1088 235 1143 quia
254 1090 333 1132 <lantes
351 1102 432 1131 nomen
446 1088 543 1142 militiae,
556 1088 579 1131 id
594 1088 699 1142 scientes,
709 1086 745 1131 in-

53 1150 76 1193 id
92 1147 251 1193 consentiunt
264 1149 295 1193 At
309 1148 375 1192 multi
391 1148 414 1191 id
427 1149 534 1204 ignorant
548 1151 571 1192 et
591 1149 734 1192 consentiunt

13 1254 26 1262 „
53 1209 133 1253 coacti.
153 1209 263 1264 Denique,
283 1210 302 1252 si
322 1210 349 1252 ad
369 1209 513 1252 muniendam
534 1209 613 1252 urbem
631 1209 734 1265 privatos

54 1282 109 1325 agro
121 1268 158 1311 vel
170 1269 236 1311 horto
246 1268 345 1324 privent,
359 1271 382 1312 et
393 1282 435 1311 non
453 1272 598 1325 compensent
612 1269 734 1312 secundum

50 1329 166 1387 justitiam
177 1329 362 1373 distributivam.-

85 1389 264 1445 lbhs—ssResp.
283 1390 312 1432 Π.
329 1388 485 1444 Obligationes
503 1389 600 1431 militum
617 1391 669 1432 sunt
680 1389 733 1433 hae:

54 1449 76 1493 1.
90 1448 170 1492 Daturi
183 1462 263 1491 nomen
277 1448 365 1491 militiae
380 1449 420 1491 sub
437 1448 510 1490 alieno
522 1448 636 1505 Principe,
653 1449 735 1491 debent
777 1494 779 1498 ,

53 1522 119 1565 posse
137 1510 260 1565 prudenter
277 1522 422 1565 praesumere,
439 1509 524 1550 bellum
541 1522 589 1550 esse
607 1508 735 1551 formaliter

51 1569 139 1626 justum
152 1567 194 1627 (1),
213 1583 240 1611 ne
251 1572 338 1612 temere
353 1582 377 1611 se
396 1571 509 1624 exponant
524 1568 624 1624 periculo
639 1581 735 1624 coneur-

55 1629 120 1673 rendi
131 1630 159 1673 ad
175 1628 285 1685 injurias;
303 1634 326 1674 et
337 1628 393 1672 alias
404 1628 496 1672 cuilibet
514 1628 613 1688 militare
625 1629 665 1673 sub
677 1643 734 1685 quo·
786 1628 788 1630 ’

56 1689 111 1732 libet
138 1690 246 1732 haeretico
269 1689 307 1731 vel
335 1689 420 1730 infideli
440 1688 589 1743 permittitur.
612 1689 734 1732 Militaturi

56 1751 132 1791 autem
140 1750 179 1791 sub
191 1763 231 1792 suo
237 1750 309 1804 Rege,
317 1749 355 1790 vel
362 1748 476 1803 Principe,
486 1748 504 1791 si
514 1749 575 1790 aliud
583 1762 626 1790 non
638 1751 734 1802 constet,

56 1811 150 1864 possunt
169 1822 294 1865 supponere
312 1807 396 1851 bellum
420 1821 468 1851 esse
486 1807 583 1864 justum,
607 1807 669 1864 sique
687 1807 736 1864 jam

56 1869 189 1925 conscriptis
206 1869 297 1913 dubium
313 1868 408 1921 oriatur,
421 1869 479 1924 quod
490 1868 615 1912 dissolvere
626 1882 669 1912 non
682 1882 736 1925 pos-

56 1929 110 1983 sint,
130 1932 155 1971 ut
167 1929 297 1984 plerumque
314 1929 349 1982 fit,
365 1930 471 1971 tenentur
487 1929 586 1983 obedire,
600 1929 653 1984 quia
663 1928 746 1972 Prin-t

55 2002 107 2044 ceps
119 1990 155 2031 est
170 1987 193 2030 in
204 1988 345 2044 possessione
360 1989 479 2044 potestatis
495 1989 630 2044 imperandi,
643 1991 666 2032 et
681 1989 737 2031 sub-
754 1990 756 1993 ’

79 2114 104 2158 (l)
114 2112 202 2147 «Bellum
212 2122 248 2146 non
262 2118 319 2157 potest
334 2122 372 2147 esse
382 2114 471 2158 utrimque
483 2113 598 2147 materialiter
611 2117 628 2147 et
638 2113 697 2156 reipsa
706 2114 736 2156 ju·
752 2133 753 2139 ,

53 2165 109 2203 stum,
117 2160 160 2204 quia
166 2159 197 2192 uni
205 2164 272 2192 tantum
282 2164 339 2203 potest
347 2165 411 2202 aparte
419 2161 444 2194 rei
450 2161 480 2204 jus
490 2165 599 2203 conrpetere3
610 2164 668 2202 potest
677 2165 736 2193 tamen

56 2217 94 2242 esse
105 2208 195 2251 utrimque
205 2205 303 2240 formaliter
310 2206 383 2251 J'ustum,
395 2207 437 2252 quia
452 2206 580 2251 potestadesse
594 2206 695 2251 ignorantia
704 2206 737 2240 iu-

56 2254 147 2288 uineibilis
161 2259 178 2334 qt
193 2253 254 2299 opinio
272 2263 304 2298 pro
316 2254 385 2298 justitia
400 2254 493 2299 utriusque
506 2253 567 2299 partis.
579 2264 590 2287 ›>
603 2253 679 2289 mci-ou
690 2253 702 2288 l.
718 2252 735 2287 3.

56 2310 74 2346 p.
85 2301 102 2335 l.
111 2310 128 2335 u.
139 2300 161 2336 85
176 2324 181 2334 .
549 2312 550 2315 ¹
731 2326 733 2328 v
