1577 2464
53 98 113 166 210Ι
135 111 368 146 nno-connnssamus
384 112 496 153 renorma
511 111 653 144 ansraucnus
707 89 708 92 '

84 198 136 249 159.
143 215 176 239 --’
183 202 254 259 Resp.
262 200 296 245 11.
303 202 419 246 Tenentur
426 200 503 246 'vilare
515 197 737 262 fraudeslm'anifesw

52 310 153 349 opportuno
160 310 239 351 tempore
244 307 341 342 dabuntur.
347 307 419 342 lnterim
424 307 520 350 uero,lieet
527 316 564 341 non
572 305 686 348 peractaulla
695 306 738 348 illa·¹

52 351 92 397 r'um
103 352 243 398 restitutionum,
250 352 271 388 de
280 363 356 397 quarum
362 353 471 399 obligatione
478 353 559 388 Sanctam
567 350 631 386 Sedem
638 351 735 396 consuluit,

54 399 146 445 apropric
155 400 267 437 Confessario
277 399 347 435 absolvi
356 400 509 437 sacramentaliter
520 409 578 446 posse,
590 398 685 434 dummodo
694 408 737 435 uere·

54 451 116 491 parata
126 448 149 482 sit
160 453 206 482 stare
214 447 329 482 mandatis».

64 527 67 529 ,
78 493 142 533 Datum
151 494 217 537 Romae,
226 494 254 529 die
263 492 282 527 3·
288 492 329 538 julii
339 503 381 528 ann.
392 494 445 529 1822.
539 499 541 502 ⁴
686 521 688 524 .

79 539 101 575 ll.·
114 539 212 585 Episcopus
222 539 343 576 Rdedonensis
357 540 377 575 in
385 540 444 575 Gallia
453 540 525 585 exponit
533 549 588 575 sacrae
597 539 734 585 congregationi

55 585 179 630 inquisitionis
195 595 230 621 non
242 585 321 620 eamdem
335 596 374 621 esse
383 587 536 622 Confessariorum
546 596 583 621 sum
594 586 677 620 Dioecasis
689 596 735 620 sen-

55 632 129 713 tengiam
139 632 160 667 de
168 633 216 668 lucro
225 625 308 678 percepto
319 642 340 667 ex
352 634 428 679 pecunia
439 630 579 681 negotiatoribus
590 638 651 667 mutuo
663 633 704 667 data
714 637 734 668 ut

55 687 75 714 ea
95 679 177 715 itescant.

78 725 103 759 De
116 734 169 760 sensu
181 725 265 769 Epistola
274 725 389 772 Encpelicae:
402 727 436 761 Via
446 730 535 770 pervener,
546 724 612 762 acriter
625 725 734 770 disputatur.

21 781 24 787 ⁴
54 771 80 806 Ex
94 777 169 818 utraque
188 779 238 816 parte
255 778 345 807 momenta
364 773 462 808 afferuntur
480 774 502 809 acl
523 773 608 808 tuendam
624 782 663 807 eam
680 782 734 817 quam

26 857 29 864 Δ
53 817 128 864 quisque
141 818 231 864 amplexus
241 823 268 854 est
280 819 393 864 sententiam,
402 819 434 854 tali
445 819 495 855 lucro
508 819 603 863 faventem,
614 825 644 853 aut
660 825 733 853 contra-

52 866 105 901 riam.
119 865 161 900 lnde
178 866 261 911 querelae,
275 866 404 911 dissensiones,
417 867 511 913 denegatio
523 870 683 910 sacramentorum,
696 865 734 909 ple·

52 912 114 956 risque
128 912 268 957 negotiatoribus
278 912 309 948 isti
324 909 421 948 ditescendi
437 913 490 948 modo
504 912 640 956 inhaerentibus,
650 910 670 946 a
680 912 735 946 innu-

26 958 28 960 ’
52 967 102 992 mera
109 958 174 993 darona
181 958 288 994 animarum.
339 990 340 993 ,

76 1004 100 1039 Ut
108 1004 206 1039 animarum
216 1005 287 1040 damnis
295 1010 390 1041 occurrant
398 1006 480 1041 nonnulli
488 1005 595 1041 confessarii
605 1004 682 1039 mediam
689 1003 736 1039 inter

51 1054 147 1095 utramque
154 1052 260 1087 sententiam
269 1051 317 1087 riam
325 1062 344 1087 se
354 1063 407 1097 posse
416 1058 476 1087 tenere
483 1053 598 1087 arbitrantur.
606 1050 625 1085 Si
636 1051 676 1096 quis
687 1051 736 1095 ipsos

52 1098 143 1133 'consultat
151 1098 173 1133 de
187 1097 297 1133 istiusmodi
311 1099 367 1143 lucro,
377 1099 426 1133 illum
437 1100 459 1134 ab
475 1109 495 1134 eo
510 1099 599 1134 deterrere
610 1102 706 1132 conantur.
715 1096 734 1131 Si

52 1145 143 1190 poenitens
157 1150 259 1190 perseueret
268 1144 288 1180 in
301 1145 375 1181 oonsilio
386 1145 479 1191 pecuniam
493 1151 554 1181 mutuo
567 1143 623 1180 dandi
636 1143 736 1192 negotiato-

51 1192 109 1234 ribus,
125 1197 143 1226 et
153 1192 226 1236 objiciat
240 1193 346 1226 sententiam
360 1193 392 1227 tali
406 1198 467 1227 mutuo
485 1193 573 1226 faventem
589 1192 655 1225 multos
669 1191 735 1225 babere

52 1241 145 1283 patronos,
152 1242 169 1272 et
179 1238 297 1284 insupernon
306 1237 361 1274 fuisse
370 1238 471 1283 damnatam
484 1249 494 1273 a
505 1238 569 1273 Sancta
580 1236 625 1272 Sede
635 1246 671 1271 non
680 1236 735 1271 semel

52 1284 133 1320 eadere
146 1285 239 1329 consulta;
251 1289 293 1319 tuno
305 1285 336 1320 isti
351 1285 458 1321 Coniessarli
471 1286 543 1329 exigunt
556 1289 575 1320 ut
587 1284 676 1328 paenitens
689 1293 735 1327 pro-

51 1331 110 1365 mittat
119 1341 138 1366 se
147 1331 198 1376 filiali
207 1330 308 1367 obedientia
315 1332 477 1377 obtemperaturum
482 1332 550 1377 J'udicio
559 1330 627 1365 Summi
637 1329 735 1375 Pontificis,

51 1377 67 1410 si
78 1378 182 1420 intercedat,
193 1379 322 1422 qualecumque
331 1379 365 1421 sit;
377 1389 416 1421 nec,
428 1380 462 1412 hac
471 1378 590 1423 promissione
597 1377 675 1420 obtenta,
684 1377 735 1410 abso-

50 1422 243 1469 lutionemdenegant,
254 1424 335 1469 quamvis·
348 1425 487 1469 probabiliorem
498 1429 571 1458 credant
580 1423 681 1467 opinionem
691 1431 735 1457 con-

51 1471 124 1505 trariam
132 1471 163 1505 tali
172 1476 240 1505 mutuo.
250 1471 365 1516 Si-puenitens
378 1481 414 1505 non
425 1471 529 1506 confiteatur
539 1471 561 1505 de
569 1470 619 1504 lucro
630 1469 735 1514 eapeeunia

50 1516 78 1553 sic
92 1522 153 1553 mutuo
168 1516 216 1563 data,
225 1522 243 1554 et
253 1518 333 1553 videatur
346 1518 366 1553 in
380 1518 427 1553 bona
440 1517 482 1561 lide,
494 1518 524 1554 isti
539 1515 652 1558 Confessam,
663 1515 733 1551 etiamsi

25 1590 29 1599 t
51 1563 123 1600 aliunde
131 1564 212 1600 noverint
219 1565 242 1601 ab
251 1568 272 1600 e'o
281 1571 384 1610 perceptum
392 1575 437 1608 esse,
448 1569 477 1600 aut
486 1565 594 1600 etiamnunc
603 1562 672 1609 percipi
681 1563 735 1598 istius

51 1611 101 1645 modi
109 1612 185 1655 lucrum,
199 1621 239 1647 eum
253 1612 355 1655 absolvunt,
366 1612 416 1646 nulla
430 1621 452 1646 ea
464 1612 486 1646 de
498 1621 518 1646 re
531 1610 671 1656 interrogatione
680 1609 734 1653 iacta,

53 1657 124 1701 quando
138 1658 201 1693 timent
213 1667 236 1694 ne
249 1658 337 1703 poenitens
351 1658 452 1693 admonitus
466 1658 558 1694 restituere
572 1662 603 1692 aut
616 1656 670 1692 atali
684 1656 745 1692 lucro¹

53 1702 143 1737 abstinere
152 1709 221 1738 recuset
392 1721 393 1725 =
573 1704 574 1707 ’
658 1707 660 1719 ³

37 1794 39 1796 q
70 1749 201 1796 <lnquiritergo
211 1750 269 1786 uictus
279 1750 377 1794 Episcopus
384 1750 520 1786 Rhodanousia:

70 1796 96 1828 v1⁰
105 1796 167 1831 Utrum
177 1797 233 1841 possit
240 1797 304 1831 horum
313 1797 430 1841 posteriorum
440 1796 592 1832 confessariorum
602 1794 667 1842 agendi
675 1796 735 1830 ratio-

52 1851 94 1877 nem
101 1842 190 1887 probare‘l
199 1843 218 1878 2ο
226 1843 288 1878 Utrum
295 1843 341 1878 alios
349 1843 468 1878 Confessarios
477 1844 570 1890 rigidiores
579 1843 638 1888 ipsum
648 1841 736 1878 adeuntes

52 1889 158 1925 consulendi
168 1898 222 1926 causa
230 1890 288 1935 possit
296 1890 365 1935 hortari
374 1896 393 1925 ut
403 1891 476 1926 istorum
487 1891 551 1937 agendi
560 1890 648 1926 rationem
658 1889 744 1935 sequen-l

52 1941 88 1979 tur,
100 1937 157 1971 donec
166 1936 230 1971 Sancta
236 1936 295 1974 ‚Sedes
304 1946 407 1981 expressum
418 1947 438 1971 ea
451 1938 472 1973 de
484 1938 572 1983 quaetione
578 1936 666 1981 judicium
675 1935 735 1971 ierat?

68 1983 188 2028 Responsum
201 1992 206 2017 ε
218 1994 229 2017 «
236 1982 365 2018 sanctissimus
377 1984 461 2020 Dominus
472 1990 532 2020 noster
541 1984 590 2027 rins,
600 1982 660 2018 divina
668 1982 735 2017 Provi-

52 2030 113 2065 dentia
124 2031 173 2074 Papa
185 2029 230 2073 Vlll,
241 2030 259 2064 in
272 2030 324 2063 solita
337 2030 431 2066 audientia
442 2033 463 2069 R.
474 2032 494 2067 P.
509 2028 663 2069 u.nsscsscri·s.
677 2029 735 2065 Ollieii

51 2076 150 2120 impertita,
170 2074 230 2109 audita
246 2074 334 2109 relatione
348 2077 457 2120 superiorum
473 2077 568 2112 dubiorum
583 2085 619 2110 una
637 2084 677 2109 cum
694 2079 735 2111 uoto

50 2120 238 2158 Eminentissimorum
261 2120 297 2155 DD.
319 2122 439 2159 cardinalium
460 2124 587 2171 inquisitorum
613 2120 736 2169 ceperanum,

50 2170 160 2215 respondit:
191 2192 193 2195 v
339 2190 348 2193 <-
620 2180 622 2183 ⁴
724 2194 725 2197 η

74 2217 102 2252 rid
108 2220 190 2261 priorum
201 2224 252 2252 :non
262 2224 301 2249 esse
310 2215 440 2260 inquietandos.

66 2264 103 2298 'nd
109 2266 220 2307 secundante
228 2261 320 2305 provisum
331 2264 349 2297 in
356 2269 425 2307 primo.
487 2271 490 2273 ·

69 2306 240 2358 ssttnuguanlato.
353 2329 373 2346 ,=
409 2333 411 2335 v

474 2401 519 2414 „f”
