<?xml version="1.0" encoding="UTF-8"?>
<!DOCTYPE html PUBLIC "-//W3C//DTD XHTML 1.0 Transitional//EN"
    "http://www.w3.org/TR/xhtml1/DTD/xhtml1-transitional.dtd">
<html xmlns="http://www.w3.org/1999/xhtml" xml:lang="en" lang="en">
 <head>
  <title>
</title>
<meta http-equiv="Content-Type" content="text/html;charset=utf-8" />
  <meta name='ocr-system' content='tesseract 3.04.00' />
  <meta name='ocr-capabilities' content='ocr_page ocr_carea ocr_par ocr_line ocrx_word'/>
</head>
<body>
  <div class='ocr_page' id='page_1' title='image "MN5128ucmf_0_0034.png"; bbox 0 0 1567 2412; ppageno 0'>
   <div class='ocr_carea' id='block_1_1' title="bbox 60 68 658 112">
    <p class='ocr_par' dir='ltr' id='par_1_1' title="bbox 60 68 658 112">
     <span class='ocr_line' id='line_1_1' title="bbox 60 68 658 112; baseline -0.002 0"><span class='ocrx_word' id='word_1_1' title='bbox 60 68 88 112; x_wconf 75' lang='lat'>12</span> <span class='ocrx_word' id='word_1_2' title='bbox 140 77 372 111; x_wconf 67' lang='lat' dir='ltr'>uro-cousussllulus</span> <span class='ocrx_word' id='word_1_3' title='bbox 387 79 500 112; x_wconf 74' lang='lat' dir='ltr'>rnaurluu</span> <span class='ocrx_word' id='word_1_4' title='bbox 517 79 658 112; x_wconf 73' lang='lat' dir='ltr'>lusruuurus</span> 
     </span>
    </p>
   </div>
   <div class='ocr_carea' id='block_1_2' title="bbox 5 161 770 2200">
    <p class='ocr_par' dir='ltr' id='par_1_2' title="bbox 59 161 745 760">
     <span class='ocr_line' id='line_1_2' title="bbox 59 161 744 223; baseline 0 -13"><span class='ocrx_word' id='word_1_5' title='bbox 59 166 142 210; x_wconf 89' lang='lat' dir='ltr'>cientia</span> <span class='ocrx_word' id='word_1_6' title='bbox 153 165 175 209; x_wconf 92' lang='lat' dir='ltr'>in</span> <span class='ocrx_word' id='word_1_7' title='bbox 187 161 230 209; x_wconf 87' lang='lat' dir='ltr'>boc</span> <span class='ocrx_word' id='word_1_8' title='bbox 242 165 311 210; x_wconf 85' lang='lat' dir='ltr'>illore</span> <span class='ocrx_word' id='word_1_9' title='bbox 322 165 471 223; x_wconf 88' lang='lat' dir='ltr'>processerit;</span> <span class='ocrx_word' id='word_1_10' title='bbox 483 165 506 209; x_wconf 92' lang='lat' dir='ltr'>id</span> <span class='ocrx_word' id='word_1_11' title='bbox 517 164 576 209; x_wconf 89' lang='lat' dir='ltr'>enim</span> <span class='ocrx_word' id='word_1_12' title='bbox 591 165 658 208; x_wconf 88' lang='lat' dir='ltr'>nimis</span> <span class='ocrx_word' id='word_1_13' title='bbox 670 177 744 221; x_wconf 75' lang='lat' dir='ltr'>grave</span> 
     </span>
     <span class='ocr_line' id='line_1_3' title="bbox 59 226 742 282; baseline -0.001 -13"><span class='ocrx_word' id='word_1_14' title='bbox 59 231 121 271; x_wconf 86' lang='lat' dir='ltr'>esset</span> <span class='ocrx_word' id='word_1_15' title='bbox 132 226 280 280; x_wconf 75' lang='lat' dir='ltr'>confessario,</span> <span class='ocrx_word' id='word_1_16' title='bbox 291 230 315 269; x_wconf 86' lang='lat' dir='ltr'>ct</span> <span class='ocrx_word' id='word_1_17' title='bbox 327 239 368 281; x_wconf 90' lang='lat' dir='ltr'>per</span> <span class='ocrx_word' id='word_1_18' title='bbox 378 239 402 268; x_wconf 88' lang='lat' dir='ltr'>se</span> <span class='ocrx_word' id='word_1_19' title='bbox 417 226 526 280; x_wconf 89' lang='lat' dir='ltr'>loquendo</span> <span class='ocrx_word' id='word_1_20' title='bbox 537 227 643 281; x_wconf 81' lang='lat' dir='ltr'>praesumi</span> <span class='ocrx_word' id='word_1_21' title='bbox 656 229 742 282; x_wconf 87' lang='lat' dir='ltr'>potest,</span> 
     </span>
     <span class='ocr_line' id='line_1_4' title="bbox 60 285 744 344; baseline -0.001 -14"><span class='ocrx_word' id='word_1_22' title='bbox 60 287 173 344; x_wconf 91' lang='lat' dir='ltr'>objectum</span> <span class='ocrx_word' id='word_1_23' title='bbox 191 300 239 332; x_wconf 89' lang='lat' dir='ltr'>esse</span> <span class='ocrx_word' id='word_1_24' title='bbox 252 285 425 344; x_wconf 82' lang='lat' dir='ltr'>apprehensum,</span> <span class='ocrx_word' id='word_1_25' title='bbox 444 287 469 329; x_wconf 90' lang='lat' dir='ltr'>ut</span> <span class='ocrx_word' id='word_1_26' title='bbox 480 286 601 329; x_wconf 87' lang='lat' dir='ltr'>seeundum</span> <span class='ocrx_word' id='word_1_27' title='bbox 618 299 642 329; x_wconf 91' lang='lat' dir='ltr'>se</span> <span class='ocrx_word' id='word_1_28' title='bbox 657 286 744 329; x_wconf 86' lang='lat' dir='ltr'>malum</span> 
     </span>
     <span class='ocr_line' id='line_1_5' title="bbox 60 344 742 403; baseline -0.003 -13"><span class='ocrx_word' id='word_1_29' title='bbox 60 351 103 392; x_wconf 87' lang='lat' dir='ltr'>est.</span> <span class='ocrx_word' id='word_1_30' title='bbox 121 347 214 402; x_wconf 78' lang='lat' dir='ltr'>Excipe,</span> <span class='ocrx_word' id='word_1_31' title='bbox 232 346 275 390; x_wconf 89' lang='lat' dir='ltr'>nisi</span> <span class='ocrx_word' id='word_1_32' title='bbox 293 345 353 389; x_wconf 87' lang='lat' dir='ltr'>aliud</span> <span class='ocrx_word' id='word_1_33' title='bbox 369 344 546 389; x_wconf 70' lang='lat' dir='ltr'>circumstantiae</span> <span class='ocrx_word' id='word_1_34' title='bbox 564 346 674 389; x_wconf 73' lang='lat' dir='ltr'>suadeant</span> <span class='ocrx_word' id='word_1_35' title='bbox 692 345 742 403; x_wconf 85' lang='lat'>(1);</span> 
     </span>
     <span class='ocr_line' id='line_1_6' title="bbox 60 404 744 463; baseline -0.006 -12"><span class='ocrx_word' id='word_1_36' title='bbox 60 407 122 463; x_wconf 86' lang='lat' dir='ltr'>quia,</span> <span class='ocrx_word' id='word_1_37' title='bbox 134 410 160 450; x_wconf 87' lang='lat' dir='ltr'>ut</span> <span class='ocrx_word' id='word_1_38' title='bbox 173 407 230 460; x_wconf 84' lang='lat' dir='ltr'>dixi,</span> <span class='ocrx_word' id='word_1_39' title='bbox 240 406 308 449; x_wconf 85' lang='lat' dir='ltr'>rudes</span> <span class='ocrx_word' id='word_1_40' title='bbox 319 416 377 461; x_wconf 74' lang='lat' dir='ltr'>saepe</span> <span class='ocrx_word' id='word_1_41' title='bbox 390 418 433 449; x_wconf 91' lang='lat' dir='ltr'>non</span> <span class='ocrx_word' id='word_1_42' title='bbox 448 406 619 462; x_wconf 89' lang='lat' dir='ltr'>apprehendunt</span> <span class='ocrx_word' id='word_1_43' title='bbox 631 404 744 448; x_wconf 86' lang='lat' dir='ltr'>malitiam</span> 
     </span>
     <span class='ocr_line' id='line_1_7' title="bbox 61 464 744 523; baseline -0.004 -13"><span class='ocrx_word' id='word_1_44' title='bbox 61 467 217 511; x_wconf 73' lang='lat' dir='ltr'>delectationis</span> <span class='ocrx_word' id='word_1_45' title='bbox 228 477 324 510; x_wconf 78' lang='lat' dir='ltr'>morosae</span> <span class='ocrx_word' id='word_1_46' title='bbox 335 465 358 509; x_wconf 88' lang='lat' dir='ltr'>iu</span> <span class='ocrx_word' id='word_1_47' title='bbox 374 465 462 523; x_wconf 87' lang='lat' dir='ltr'>objecto</span> <span class='ocrx_word' id='word_1_48' title='bbox 473 465 543 523; x_wconf 88' lang='lat' dir='ltr'>turpi,</span> <span class='ocrx_word' id='word_1_49' title='bbox 555 468 578 510; x_wconf 90' lang='lat' dir='ltr'>ct</span> <span class='ocrx_word' id='word_1_50' title='bbox 592 465 652 510; x_wconf 89' lang='lat' dir='ltr'>idem</span> <span class='ocrx_word' id='word_1_51' title='bbox 669 471 705 510; x_wconf 89' lang='lat' dir='ltr'>est</span> <span class='ocrx_word' id='word_1_52' title='bbox 717 464 744 508; x_wconf 89' lang='lat' dir='ltr'>dc</span> 
     </span>
     <span class='ocr_line' id='line_1_8' title="bbox 60 525 744 584; baseline -0.003 -14"><span class='ocrx_word' id='word_1_53' title='bbox 60 527 178 584; x_wconf 86' lang='lat' dir='ltr'>colloquiis</span> <span class='ocrx_word' id='word_1_54' title='bbox 190 526 302 582; x_wconf 78' lang='lat' dir='ltr'>turpibuS,</span> <span class='ocrx_word' id='word_1_55' title='bbox 313 537 368 580; x_wconf 90' lang='lat' dir='ltr'>quos</span> <span class='ocrx_word' id='word_1_56' title='bbox 377 525 441 582; x_wconf 73' lang='lat' dir='ltr'>Jocos</span> <span class='ocrx_word' id='word_1_57' title='bbox 453 528 543 570; x_wconf 86' lang='lat' dir='ltr'>vocant.</span> <span class='ocrx_word' id='word_1_58' title='bbox 556 526 642 570; x_wconf 75' lang='lat' dir='ltr'>Caveat</span> <span class='ocrx_word' id='word_1_59' title='bbox 653 525 744 569; x_wconf 88' lang='lat' dir='ltr'>demum</span> 
     </span>
     <span class='ocr_line' id='line_1_9' title="bbox 60 583 744 643; baseline -0.001 -13"><span class='ocrx_word' id='word_1_60' title='bbox 60 587 220 640; x_wconf 84' lang='lat' dir='ltr'>confessarius,</span> <span class='ocrx_word' id='word_1_61' title='bbox 233 597 260 628; x_wconf 90' lang='lat' dir='ltr'>ne</span> <span class='ocrx_word' id='word_1_62' title='bbox 275 585 301 628; x_wconf 89' lang='lat' dir='ltr'>de</span> <span class='ocrx_word' id='word_1_63' title='bbox 312 584 403 641; x_wconf 81' lang='lat' dir='ltr'>tabulis,</span> <span class='ocrx_word' id='word_1_64' title='bbox 415 588 440 629; x_wconf 90' lang='lat' dir='ltr'>et</span> <span class='ocrx_word' id='word_1_65' title='bbox 450 586 525 629; x_wconf 85' lang='lat' dir='ltr'>nescio</span> <span class='ocrx_word' id='word_1_66' title='bbox 537 583 617 643; x_wconf 90' lang='lat' dir='ltr'>quibus</span> <span class='ocrx_word' id='word_1_67' title='bbox 628 597 672 630; x_wconf 88' lang='lat' dir='ltr'>non</span> <span class='ocrx_word' id='word_1_68' title='bbox 688 597 744 643; x_wconf 88' lang='lat' dir='ltr'>per-</span> 
     </span>
     <span class='ocr_line' id='line_1_10' title="bbox 62 644 745 701; baseline -0.003 -11"><span class='ocrx_word' id='word_1_69' title='bbox 62 647 186 690; x_wconf 86' lang='lat' dir='ltr'>tinentibus</span> <span class='ocrx_word' id='word_1_70' title='bbox 198 647 226 689; x_wconf 90' lang='lat' dir='ltr'>ad</span> <span class='ocrx_word' id='word_1_71' title='bbox 240 644 403 688; x_wconf 80' lang='lat' dir='ltr'>confessionem</span> <span class='ocrx_word' id='word_1_72' title='bbox 416 645 526 701; x_wconf 89' lang='lat' dir='ltr'>loquendo</span> <span class='ocrx_word' id='word_1_73' title='bbox 542 647 599 690; x_wconf 84' lang='lat' dir='ltr'>risui</span> <span class='ocrx_word' id='word_1_74' title='bbox 613 646 710 689; x_wconf 87' lang='lat' dir='ltr'>aliorum</span> <span class='ocrx_word' id='word_1_75' title='bbox 721 647 745 689; x_wconf 91' lang='lat' dir='ltr'>et</span> 
     </span>
     <span class='ocr_line' id='line_1_11' title="bbox 61 704 333 760; baseline -0.018 -10"><span class='ocrx_word' id='word_1_76' title='bbox 61 704 333 760; x_wconf 44' lang='lat' dir='ltr'>&amp;wmfflQOa</span> 
     </span>
    </p>

    <p class='ocr_par' dir='ltr' id='par_1_3' title="bbox 5 764 770 2200">
     <span class='ocr_line' id='line_1_12' title="bbox 61 764 745 821; baseline 0 -11"><span class='ocrx_word' id='word_1_77' title='bbox 61 796 63 798; x_wconf 89' lang='lat'><em>-</em></span> <span class='ocrx_word' id='word_1_78' title='bbox 92 767 132 811; x_wconf 92' lang='lat' dir='ltr'>IV.</span> <span class='ocrx_word' id='word_1_79' title='bbox 146 766 210 810; x_wconf 87' lang='lat' dir='ltr'>Siout</span> <span class='ocrx_word' id='word_1_80' title='bbox 225 765 338 821; x_wconf 87' lang='lat' dir='ltr'>poenitens</span> <span class='ocrx_word' id='word_1_81' title='bbox 355 764 378 809; x_wconf 91' lang='lat' dir='ltr'>in</span> <span class='ocrx_word' id='word_1_82' title='bbox 390 764 539 810; x_wconf 87' lang='lat' dir='ltr'>examinanda</span> <span class='ocrx_word' id='word_1_83' title='bbox 555 764 693 810; x_wconf 90' lang='lat' dir='ltr'>conscientia</span> <span class='ocrx_word' id='word_1_84' title='bbox 704 779 745 810; x_wconf 85' lang='lat' dir='ltr'>sua</span> 
     </span>
     <span class='ocr_line' id='line_1_13' title="bbox 63 824 745 882; baseline -0.001 -12"><span class='ocrx_word' id='word_1_85' title='bbox 63 839 104 871; x_wconf 92' lang='lat' dir='ltr'>non</span> <span class='ocrx_word' id='word_1_86' title='bbox 115 827 205 870; x_wconf 83' lang='lat' dir='ltr'>tenetur</span> <span class='ocrx_word' id='word_1_87' title='bbox 222 825 251 868; x_wconf 91' lang='lat' dir='ltr'>ad</span> <span class='ocrx_word' id='word_1_88' title='bbox 262 824 385 868; x_wconf 85' lang='lat' dir='ltr'>maximam</span> <span class='ocrx_word' id='word_1_89' title='bbox 396 825 547 882; x_wconf 79' lang='lat' dir='ltr'>diligentiam,</span> <span class='ocrx_word' id='word_1_90' title='bbox 563 827 601 869; x_wconf 90' lang='lat' dir='ltr'>sed</span> <span class='ocrx_word' id='word_1_91' title='bbox 617 826 645 869; x_wconf 91' lang='lat' dir='ltr'>ad</span> <span class='ocrx_word' id='word_1_92' title='bbox 657 826 745 869; x_wconf 89' lang='lat' dir='ltr'>medio-</span> 
     </span>
     <span class='ocr_line' id='line_1_14' title="bbox 62 884 745 941; baseline 0 -11"><span class='ocrx_word' id='word_1_93' title='bbox 62 900 122 930; x_wconf 79' lang='lat' dir='ltr'>crem</span> <span class='ocrx_word' id='word_1_94' title='bbox 132 888 230 937; x_wconf 82' lang='lat' dir='ltr'>tantum,</span> <span class='ocrx_word' id='word_1_95' title='bbox 241 897 281 928; x_wconf 91' lang='lat' dir='ltr'>seu</span> <span class='ocrx_word' id='word_1_96' title='bbox 290 884 379 940; x_wconf 90' lang='lat' dir='ltr'>qualem</span> <span class='ocrx_word' id='word_1_97' title='bbox 388 886 510 940; x_wconf 79' lang='lat' dir='ltr'>prudentes</span> <span class='ocrx_word' id='word_1_98' title='bbox 517 885 540 928; x_wconf 90' lang='lat' dir='ltr'>in</span> <span class='ocrx_word' id='word_1_99' title='bbox 549 885 626 941; x_wconf 84' lang='lat' dir='ltr'>magni</span> <span class='ocrx_word' id='word_1_100' title='bbox 635 884 745 930; x_wconf 86' lang='lat' dir='ltr'>momenti</span> 
     </span>
     <span class='ocr_line' id='line_1_15' title="bbox 62 944 743 1002; baseline 0 -13"><span class='ocrx_word' id='word_1_101' title='bbox 62 944 159 1002; x_wconf 78' lang='lat' dir='ltr'>negotiis</span> <span class='ocrx_word' id='word_1_102' title='bbox 170 944 292 988; x_wconf 88' lang='lat' dir='ltr'>secundum</span> <span class='ocrx_word' id='word_1_103' title='bbox 302 945 450 1000; x_wconf 85' lang='lat' dir='ltr'>capacitatem</span> <span class='ocrx_word' id='word_1_104' title='bbox 464 958 528 988; x_wconf 89' lang='lat' dir='ltr'>suam</span> <span class='ocrx_word' id='word_1_105' title='bbox 540 945 647 989; x_wconf 88' lang='lat' dir='ltr'>adhibere</span> <span class='ocrx_word' id='word_1_106' title='bbox 656 945 743 1002; x_wconf 80' lang='lat' dir='ltr'>solent;</span> 
     </span>
     <span class='ocr_line' id='line_1_16' title="bbox 61 1003 745 1061; baseline -0.001 -12"><span class='ocrx_word' id='word_1_107' title='bbox 61 1006 94 1050; x_wconf 87' lang='lat' dir='ltr'>sic</span> <span class='ocrx_word' id='word_1_108' title='bbox 104 1003 254 1050; x_wconf 85' lang='lat' dir='ltr'>confessarius</span> <span class='ocrx_word' id='word_1_109' title='bbox 264 1003 287 1047; x_wconf 91' lang='lat' dir='ltr'>in</span> <span class='ocrx_word' id='word_1_110' title='bbox 299 1004 448 1048; x_wconf 86' lang='lat' dir='ltr'>examinando</span> <span class='ocrx_word' id='word_1_111' title='bbox 459 1004 583 1061; x_wconf 90' lang='lat' dir='ltr'>poenitente</span> <span class='ocrx_word' id='word_1_112' title='bbox 594 1006 685 1048; x_wconf 84' lang='lat' dir='ltr'>tenetur</span> <span class='ocrx_word' id='word_1_113' title='bbox 695 1008 745 1050; x_wconf 88' lang='lat' dir='ltr'>tan-</span> 
     </span>
     <span class='ocr_line' id='line_1_17' title="bbox 5 1064 746 1120; baseline 0 -13"><span class='ocrx_word' id='word_1_114' title='bbox 5 1116 7 1119; x_wconf 15' lang='lat'>,</span> <span class='ocrx_word' id='word_1_115' title='bbox 61 1069 111 1107; x_wconf 85' lang='lat' dir='ltr'>tum</span> <span class='ocrx_word' id='word_1_116' title='bbox 121 1065 150 1106; x_wconf 84' lang='lat' dir='ltr'>ad</span> <span class='ocrx_word' id='word_1_117' title='bbox 159 1064 297 1106; x_wconf 86' lang='lat' dir='ltr'>mediocrem</span> <span class='ocrx_word' id='word_1_118' title='bbox 307 1064 444 1107; x_wconf 88' lang='lat' dir='ltr'>etmoralem</span> <span class='ocrx_word' id='word_1_119' title='bbox 455 1064 582 1120; x_wconf 87' lang='lat' dir='ltr'>respective</span> <span class='ocrx_word' id='word_1_120' title='bbox 591 1065 620 1108; x_wconf 90' lang='lat' dir='ltr'>ad</span> <span class='ocrx_word' id='word_1_121' title='bbox 631 1064 746 1120; x_wconf 83' lang='lat' dir='ltr'>poeniten-</span> 
     </span>
     <span class='ocr_line' id='line_1_18' title="bbox 62 1122 747 1183; baseline 0.001 -15"><span class='ocrx_word' id='word_1_122' title='bbox 62 1127 98 1168; x_wconf 86' lang='lat' dir='ltr'>tes</span> <span class='ocrx_word' id='word_1_123' title='bbox 112 1127 246 1180; x_wconf 87' lang='lat' dir='ltr'>tempusque</span> <span class='ocrx_word' id='word_1_124' title='bbox 262 1123 290 1166; x_wconf 91' lang='lat' dir='ltr'>ab</span> <span class='ocrx_word' id='word_1_125' title='bbox 307 1122 389 1166; x_wconf 87' lang='lat' dir='ltr'>ultima</span> <span class='ocrx_word' id='word_1_126' title='bbox 404 1122 544 1167; x_wconf 86' lang='lat' dir='ltr'>confessione</span> <span class='ocrx_word' id='word_1_127' title='bbox 558 1124 675 1183; x_wconf 69' lang='lat' dir='ltr'>elapsum,</span> <span class='ocrx_word' id='word_1_128' title='bbox 687 1124 747 1183; x_wconf 90' lang='lat' dir='ltr'>quod</span> 
     </span>
     <span class='ocr_line' id='line_1_19' title="bbox 63 1182 746 1240; baseline 0.001 -13"><span class='ocrx_word' id='word_1_129' title='bbox 63 1185 129 1238; x_wconf 81' lang='lat' dir='ltr'>addo,</span> <span class='ocrx_word' id='word_1_130' title='bbox 145 1185 206 1240; x_wconf 85' lang='lat' dir='ltr'>quia,</span> <span class='ocrx_word' id='word_1_131' title='bbox 220 1182 310 1238; x_wconf 89' lang='lat' dir='ltr'>quando</span> <span class='ocrx_word' id='word_1_132' title='bbox 327 1183 438 1239; x_wconf 85' lang='lat' dir='ltr'>poenitens</span> <span class='ocrx_word' id='word_1_133' title='bbox 456 1184 494 1227; x_wconf 90' lang='lat' dir='ltr'>diu</span> <span class='ocrx_word' id='word_1_134' title='bbox 513 1197 558 1228; x_wconf 89' lang='lat' dir='ltr'>non</span> <span class='ocrx_word' id='word_1_135' title='bbox 573 1183 688 1229; x_wconf 86' lang='lat' dir='ltr'>confessus</span> <span class='ocrx_word' id='word_1_136' title='bbox 701 1187 746 1239; x_wconf 87' lang='lat' dir='ltr'>est,</span> 
     </span>
     <span class='ocr_line' id='line_1_20' title="bbox 62 1242 748 1300; baseline 0.003 -13"><span class='ocrx_word' id='word_1_137' title='bbox 62 1244 149 1300; x_wconf 74' lang='lat' dir='ltr'>majore</span> <span class='ocrx_word' id='word_1_138' title='bbox 161 1256 217 1300; x_wconf 88' lang='lat' dir='ltr'>opus</span> <span class='ocrx_word' id='word_1_139' title='bbox 226 1245 262 1286; x_wconf 91' lang='lat' dir='ltr'>est</span> <span class='ocrx_word' id='word_1_140' title='bbox 270 1242 398 1299; x_wconf 83' lang='lat' dir='ltr'>diligentia,</span> <span class='ocrx_word' id='word_1_141' title='bbox 410 1255 478 1299; x_wconf 90' lang='lat' dir='ltr'>quam</span> <span class='ocrx_word' id='word_1_142' title='bbox 490 1243 509 1286; x_wconf 92' lang='lat' dir='ltr'>si</span> <span class='ocrx_word' id='word_1_143' title='bbox 518 1257 532 1287; x_wconf 85' lang='lat' dir='ltr'>a</span> <span class='ocrx_word' id='word_1_144' title='bbox 540 1245 644 1300; x_wconf 88' lang='lat' dir='ltr'>tempore</span> <span class='ocrx_word' id='word_1_145' title='bbox 653 1243 748 1289; x_wconf 83' lang='lat' dir='ltr'>brevio-</span> 
     </span>
     <span class='ocr_line' id='line_1_21' title="bbox 63 1302 748 1359; baseline 0 -11"><span class='ocrx_word' id='word_1_146' title='bbox 63 1305 92 1347; x_wconf 89' lang='lat' dir='ltr'>ri.</span> <span class='ocrx_word' id='word_1_147' title='bbox 105 1302 173 1348; x_wconf 89' lang='lat' dir='ltr'>Ratio</span> <span class='ocrx_word' id='word_1_148' title='bbox 187 1302 340 1359; x_wconf 86' lang='lat' dir='ltr'>responsionis</span> <span class='ocrx_word' id='word_1_149' title='bbox 354 1305 398 1356; x_wconf 84' lang='lat' dir='ltr'>est,</span> <span class='ocrx_word' id='word_1_150' title='bbox 409 1303 463 1358; x_wconf 89' lang='lat' dir='ltr'>quia</span> <span class='ocrx_word' id='word_1_151' title='bbox 477 1302 589 1359; x_wconf 89' lang='lat' dir='ltr'>poenitens</span> <span class='ocrx_word' id='word_1_152' title='bbox 601 1306 692 1348; x_wconf 85' lang='lat' dir='ltr'>tenetur</span> <span class='ocrx_word' id='word_1_153' title='bbox 705 1315 748 1359; x_wconf 88' lang='lat' dir='ltr'>per</span> 
     </span>
     <span class='ocr_line' id='line_1_22' title="bbox 64 1361 748 1419; baseline -0.001 -13"><span class='ocrx_word' id='word_1_154' title='bbox 64 1377 88 1406; x_wconf 88' lang='lat' dir='ltr'>se</span> <span class='ocrx_word' id='word_1_155' title='bbox 96 1365 120 1406; x_wconf 87' lang='lat' dir='ltr'>et</span> <span class='ocrx_word' id='word_1_156' title='bbox 129 1362 202 1419; x_wconf 88' lang='lat' dir='ltr'>primo</span> <span class='ocrx_word' id='word_1_157' title='bbox 211 1362 270 1414; x_wconf 92' lang='lat' dir='ltr'>loco,</span> <span class='ocrx_word' id='word_1_158' title='bbox 282 1373 351 1417; x_wconf 86' lang='lat' dir='ltr'>quum</span> <span class='ocrx_word' id='word_1_159' title='bbox 362 1361 385 1405; x_wconf 90' lang='lat' dir='ltr'>in</span> <span class='ocrx_word' id='word_1_160' title='bbox 394 1361 535 1418; x_wconf 81' lang='lat' dir='ltr'>poenitentiae</span> <span class='ocrx_word' id='word_1_161' title='bbox 546 1362 656 1406; x_wconf 84' lang='lat' dir='ltr'>tribunali</span> <span class='ocrx_word' id='word_1_162' title='bbox 670 1362 701 1407; x_wconf 92' lang='lat' dir='ltr'>sit</span> <span class='ocrx_word' id='word_1_163' title='bbox 712 1361 748 1406; x_wconf 90' lang='lat' dir='ltr'>sui</span> 
     </span>
     <span class='ocr_line' id='line_1_23' title="bbox 63 1420 747 1480; baseline -0.001 -13"><span class='ocrx_word' id='word_1_164' title='bbox 63 1425 181 1467; x_wconf 83' lang='lat' dir='ltr'>accusator</span> <span class='ocrx_word' id='word_1_165' title='bbox 191 1424 215 1467; x_wconf 90' lang='lat' dir='ltr'>et</span> <span class='ocrx_word' id='word_1_166' title='bbox 225 1421 300 1475; x_wconf 90' lang='lat' dir='ltr'>testis,</span> <span class='ocrx_word' id='word_1_167' title='bbox 310 1420 461 1466; x_wconf 88' lang='lat' dir='ltr'>confessarius</span> <span class='ocrx_word' id='word_1_168' title='bbox 478 1424 564 1477; x_wconf 89' lang='lat' dir='ltr'>autem,</span> <span class='ocrx_word' id='word_1_169' title='bbox 576 1425 654 1480; x_wconf 85' lang='lat' dir='ltr'>utpote</span> <span class='ocrx_word' id='word_1_170' title='bbox 666 1423 747 1479; x_wconf 67' lang='lat' dir='ltr'>Judex,</span> 
     </span>
     <span class='ocr_line' id='line_1_24' title="bbox 63 1480 748 1540; baseline 0.003 -13"><span class='ocrx_word' id='word_1_171' title='bbox 63 1488 152 1527; x_wconf 89' lang='lat' dir='ltr'>tantum</span> <span class='ocrx_word' id='word_1_172' title='bbox 171 1483 195 1526; x_wconf 93' lang='lat' dir='ltr'>in</span> <span class='ocrx_word' id='word_1_173' title='bbox 220 1480 308 1525; x_wconf 79' lang='lat' dir='ltr'>deiectu</span> <span class='ocrx_word' id='word_1_174' title='bbox 331 1482 477 1538; x_wconf 91' lang='lat' dir='ltr'>poenitentis,</span> <span class='ocrx_word' id='word_1_175' title='bbox 499 1483 564 1537; x_wconf 86' lang='lat' dir='ltr'>cujus</span> <span class='ocrx_word' id='word_1_176' title='bbox 585 1483 748 1540; x_wconf 77' lang='lat' dir='ltr'>obligationem</span> 
     </span>
     <span class='ocr_line' id='line_1_25' title="bbox 64 1541 746 1600; baseline 0 -13"><span class='ocrx_word' id='word_1_177' title='bbox 64 1543 132 1596; x_wconf 87' lang='lat' dir='ltr'>subit,</span> <span class='ocrx_word' id='word_1_178' title='bbox 150 1545 176 1586; x_wconf 88' lang='lat' dir='ltr'>ut</span> <span class='ocrx_word' id='word_1_179' title='bbox 193 1542 315 1599; x_wconf 84' lang='lat' dir='ltr'>integritas</span> <span class='ocrx_word' id='word_1_180' title='bbox 329 1541 410 1599; x_wconf 77' lang='lat' dir='ltr'>J&#39;udicii</span> <span class='ocrx_word' id='word_1_181' title='bbox 432 1546 575 1598; x_wconf 83' lang='lat' dir='ltr'>procuretur.</span> <span class='ocrx_word' id='word_1_182' title='bbox 596 1543 655 1587; x_wconf 89' lang='lat' dir='ltr'>Hinc</span> <span class='ocrx_word' id='word_1_183' title='bbox 673 1543 746 1600; x_wconf 82' lang='lat' dir='ltr'>Lugo,</span> 
     </span>
     <span class='ocr_line' id='line_1_26' title="bbox 64 1600 749 1656; baseline 0.001 -10"><span class='ocrx_word' id='word_1_184' title='bbox 64 1603 144 1647; x_wconf 81' lang='lat' dir='ltr'>Tamb.</span> <span class='ocrx_word' id='word_1_185' title='bbox 163 1605 186 1646; x_wconf 91' lang='lat' dir='ltr'>et</span> <span class='ocrx_word' id='word_1_186' title='bbox 204 1601 244 1646; x_wconf 89' lang='lat' dir='ltr'>alii</span> <span class='ocrx_word' id='word_1_187' title='bbox 261 1600 371 1656; x_wconf 85' lang='lat' dir='ltr'>inferunt,</span> <span class='ocrx_word' id='word_1_188' title='bbox 388 1601 552 1645; x_wconf 78' lang='lat' dir='ltr'>confessarium</span> <span class='ocrx_word' id='word_1_189' title='bbox 571 1615 615 1645; x_wconf 90' lang='lat' dir='ltr'>non</span> <span class='ocrx_word' id='word_1_190' title='bbox 631 1604 705 1647; x_wconf 89' lang='lat' dir='ltr'>teneri</span> <span class='ocrx_word' id='word_1_191' title='bbox 720 1603 749 1647; x_wconf 88' lang='lat' dir='ltr'>ad</span> 
     </span>
     <span class='ocr_line' id='line_1_27' title="bbox 66 1661 748 1721; baseline 0 -15"><span class='ocrx_word' id='word_1_192' title='bbox 66 1663 175 1721; x_wconf 88' lang='lat' dir='ltr'>majorem</span> <span class='ocrx_word' id='word_1_193' title='bbox 186 1661 336 1718; x_wconf 84' lang='lat' dir='ltr'>diligentiam,</span> <span class='ocrx_word' id='word_1_194' title='bbox 345 1671 413 1719; x_wconf 89' lang='lat' dir='ltr'>quam</span> <span class='ocrx_word' id='word_1_195' title='bbox 422 1674 463 1718; x_wconf 91' lang='lat' dir='ltr'>per</span> <span class='ocrx_word' id='word_1_196' title='bbox 473 1674 498 1705; x_wconf 85' lang='lat' dir='ltr'>se</span> <span class='ocrx_word' id='word_1_197' title='bbox 506 1661 617 1719; x_wconf 89' lang='lat' dir='ltr'>loquendo</span> <span class='ocrx_word' id='word_1_198' title='bbox 626 1663 748 1719; x_wconf 89' lang='lat' dir='ltr'>poenitens,</span> 
     </span>
     <span class='ocr_line' id='line_1_28' title="bbox 67 1721 751 1768; baseline 0.001 -1"><span class='ocrx_word' id='word_1_199' title='bbox 67 1723 85 1768; x_wconf 88' lang='lat' dir='ltr'>si</span> <span class='ocrx_word' id='word_1_200' title='bbox 96 1721 201 1766; x_wconf 89' lang='lat' dir='ltr'>nimirum</span> <span class='ocrx_word' id='word_1_201' title='bbox 214 1721 304 1766; x_wconf 86' lang='lat' dir='ltr'>modum</span> <span class='ocrx_word' id='word_1_202' title='bbox 315 1734 340 1766; x_wconf 93' lang='lat' dir='ltr'>se</span> <span class='ocrx_word' id='word_1_203' title='bbox 351 1721 495 1767; x_wconf 83' lang='lat' dir='ltr'>examinandi</span> <span class='ocrx_word' id='word_1_204' title='bbox 506 1722 572 1766; x_wconf 89' lang='lat' dir='ltr'>sciat.</span> <span class='ocrx_word' id='word_1_205' title='bbox 585 1722 654 1767; x_wconf 85' lang='lat' dir='ltr'>Ratio</span> <span class='ocrx_word' id='word_1_206' title='bbox 662 1723 751 1768; x_wconf 88' lang='lat' dir='ltr'>utrius-</span> 
     </span>
     <span class='ocr_line' id='line_1_29' title="bbox 66 1781 751 1840; baseline 0.003 -15"><span class='ocrx_word' id='word_1_207' title='bbox 66 1796 110 1840; x_wconf 87' lang='lat' dir='ltr'>que</span> <span class='ocrx_word' id='word_1_208' title='bbox 119 1785 161 1836; x_wconf 89' lang='lat' dir='ltr'>est,</span> <span class='ocrx_word' id='word_1_209' title='bbox 174 1782 235 1837; x_wconf 83' lang='lat' dir='ltr'>quia.</span> <span class='ocrx_word' id='word_1_210' title='bbox 246 1782 265 1826; x_wconf 90' lang='lat' dir='ltr'>si</span> <span class='ocrx_word' id='word_1_211' title='bbox 277 1783 317 1825; x_wconf 87' lang='lat' dir='ltr'>aut</span> <span class='ocrx_word' id='word_1_212' title='bbox 327 1781 438 1837; x_wconf 87' lang='lat' dir='ltr'>poenitens</span> <span class='ocrx_word' id='word_1_213' title='bbox 449 1783 489 1825; x_wconf 88' lang='lat' dir='ltr'>aut</span> <span class='ocrx_word' id='word_1_214' title='bbox 499 1781 650 1826; x_wconf 83' lang='lat' dir='ltr'>confessarius</span> <span class='ocrx_word' id='word_1_215' title='bbox 661 1786 751 1827; x_wconf 89' lang='lat' dir='ltr'>tenere·</span> 
     </span>
     <span class='ocr_line' id='line_1_30' title="bbox 65 1840 770 1898; baseline 0.003 -13"><span class='ocrx_word' id='word_1_216' title='bbox 65 1846 105 1886; x_wconf 88' lang='lat' dir='ltr'>tur</span> <span class='ocrx_word' id='word_1_217' title='bbox 122 1842 150 1885; x_wconf 88' lang='lat' dir='ltr'>ad</span> <span class='ocrx_word' id='word_1_218' title='bbox 167 1842 280 1898; x_wconf 66' lang='lat' dir='ltr'>majorem</span> <span class='ocrx_word' id='word_1_219' title='bbox 298 1840 449 1898; x_wconf 81' lang='lat' dir='ltr'>diligentiam,</span> <span class='ocrx_word' id='word_1_220' title='bbox 469 1854 536 1898; x_wconf 86' lang='lat' dir='ltr'>qnam</span> <span class='ocrx_word' id='word_1_221' title='bbox 554 1841 664 1886; x_wconf 86' lang='lat' dir='ltr'>moralem</span> <span class='ocrx_word' id='word_1_222' title='bbox 684 1841 770 1887; x_wconf 82' lang='lat' dir='ltr'>etin</span> 
     </span>
     <span class='ocr_line' id='line_1_31' title="bbox 66 1900 752 1959; baseline 0 -13"><span class='ocrx_word' id='word_1_223' title='bbox 66 1901 144 1958; x_wconf 81' lang='lat' dir='ltr'>magni</span> <span class='ocrx_word' id='word_1_224' title='bbox 155 1900 264 1945; x_wconf 89' lang='lat' dir='ltr'>momenti</span> <span class='ocrx_word' id='word_1_225' title='bbox 275 1900 373 1959; x_wconf 81' lang='lat' dir='ltr'>negotiis</span> <span class='ocrx_word' id='word_1_226' title='bbox 388 1913 402 1944; x_wconf 90' lang='lat' dir='ltr'>a</span> <span class='ocrx_word' id='word_1_227' title='bbox 413 1900 560 1957; x_wconf 85' lang='lat' dir='ltr'>diligentibus</span> <span class='ocrx_word' id='word_1_228' title='bbox 576 1901 678 1945; x_wconf 83' lang='lat' dir='ltr'>adhiberi</span> <span class='ocrx_word' id='word_1_229' title='bbox 693 1901 752 1946; x_wconf 90' lang='lat' dir='ltr'>soli·</span> 
     </span>
     <span class='ocr_line' id='line_1_32' title="bbox 67 1959 752 2018; baseline 0 -12"><span class='ocrx_word' id='word_1_230' title='bbox 67 1965 124 2015; x_wconf 88' lang='lat' dir='ltr'>tam,</span> <span class='ocrx_word' id='word_1_231' title='bbox 137 1962 303 2005; x_wconf 86' lang='lat' dir='ltr'>sacramentum</span> <span class='ocrx_word' id='word_1_232' title='bbox 314 1959 454 2017; x_wconf 86' lang='lat' dir='ltr'>poenitentiae</span> <span class='ocrx_word' id='word_1_233' title='bbox 466 1960 534 2005; x_wconf 86' lang='lat' dir='ltr'>fieret</span> <span class='ocrx_word' id='word_1_234' title='bbox 544 1961 590 2005; x_wconf 89' lang='lat' dir='ltr'>illis</span> <span class='ocrx_word' id='word_1_235' title='bbox 602 1961 670 2006; x_wconf 87' lang='lat' dir='ltr'>nimis</span> <span class='ocrx_word' id='word_1_236' title='bbox 679 1974 752 2018; x_wconf 82' lang='lat' dir='ltr'>grave</span> 
     </span>
     <span class='ocr_line' id='line_1_33' title="bbox 67 2019 752 2077; baseline 0.004 -11"><span class='ocrx_word' id='word_1_237' title='bbox 67 2025 91 2068; x_wconf 88' lang='lat' dir='ltr'>et</span> <span class='ocrx_word' id='word_1_238' title='bbox 103 2021 205 2066; x_wconf 87' lang='lat' dir='ltr'>odiosum</span> <span class='ocrx_word' id='word_1_239' title='bbox 220 2023 386 2077; x_wconf 80' lang='lat' dir='ltr'>exponeretque</span> <span class='ocrx_word' id='word_1_240' title='bbox 401 2019 454 2065; x_wconf 88' lang='lat' dir='ltr'>illos</span> <span class='ocrx_word' id='word_1_241' title='bbox 468 2020 581 2066; x_wconf 89' lang='lat' dir='ltr'>continuis</span> <span class='ocrx_word' id='word_1_242' title='bbox 592 2021 616 2066; x_wconf 91' lang='lat' dir='ltr'>et</span> <span class='ocrx_word' id='word_1_243' title='bbox 626 2019 752 2070; x_wconf 81' lang='lat' dir='ltr'>innumeris</span> 
     </span>
     <span class='ocr_line' id='line_1_34' title="bbox 68 2080 754 2130; baseline 0.006 -4"><span class='ocrx_word' id='word_1_244' title='bbox 68 2081 231 2126; x_wconf 85' lang='lat' dir='ltr'>anxietatibus.</span> <span class='ocrx_word' id='word_1_245' title='bbox 244 2081 295 2124; x_wconf 90' lang='lat' dir='ltr'>Non</span> <span class='ocrx_word' id='word_1_246' title='bbox 306 2083 422 2125; x_wconf 85' lang='lat' dir='ltr'>terreatur</span> <span class='ocrx_word' id='word_1_247' title='bbox 432 2083 509 2126; x_wconf 87' lang='lat' dir='ltr'>tamen</span> <span class='ocrx_word' id='word_1_248' title='bbox 522 2080 673 2126; x_wconf 85' lang='lat' dir='ltr'>confessarius</span> <span class='ocrx_word' id='word_1_249' title='bbox 683 2081 754 2130; x_wconf 75' lang='lat' dir='ltr'>ullius</span> 
     </span>
     <span class='ocr_line' id='line_1_35' title="bbox 67 2140 755 2200; baseline 0 -13"><span class='ocrx_word' id='word_1_250' title='bbox 67 2140 200 2200; x_wconf 87' lang='lat' dir='ltr'>poenitentis</span> <span class='ocrx_word' id='word_1_251' title='bbox 211 2140 348 2197; x_wconf 81' lang='lat' dir='ltr'>autoritate3</span> <span class='ocrx_word' id='word_1_252' title='bbox 360 2141 401 2184; x_wconf 87' lang='lat' dir='ltr'>sed</span> <span class='ocrx_word' id='word_1_253' title='bbox 415 2140 453 2184; x_wconf 89' lang='lat' dir='ltr'>ubi</span> <span class='ocrx_word' id='word_1_254' title='bbox 462 2141 615 2185; x_wconf 86' lang='lat' dir='ltr'>necessarium</span> <span class='ocrx_word' id='word_1_255' title='bbox 626 2154 676 2186; x_wconf 88' lang='lat' dir='ltr'>esse</span> <span class='ocrx_word' id='word_1_256' title='bbox 687 2141 755 2199; x_wconf 32' lang='lat' dir='ltr'>juill-¹</span> 
     </span>
    </p>
   </div>
   <div class='ocr_carea' id='block_1_3' title="bbox 91 2271 436 2322">
    <p class='ocr_par' dir='ltr' id='par_1_4' title="bbox 91 2271 436 2322">
     <span class='ocr_line' id='line_1_36' title="bbox 91 2271 436 2322; baseline 0 -13"><span class='ocrx_word' id='word_1_257' title='bbox 91 2274 116 2322; x_wconf 79' lang='lat' dir='ltr'>(ll</span> <span class='ocrx_word' id='word_1_258' title='bbox 125 2273 150 2311; x_wconf 80' lang='lat' dir='ltr'>Cf.</span> <span class='ocrx_word' id='word_1_259' title='bbox 162 2272 236 2310; x_wconf 81' lang='lat' dir='ltr'>Lucroix</span> <span class='ocrx_word' id='word_1_260' title='bbox 245 2273 257 2309; x_wconf 91' lang='lat' dir='ltr'>l.</span> <span class='ocrx_word' id='word_1_261' title='bbox 270 2271 298 2318; x_wconf 85' lang='lat' dir='ltr'>Vl,</span> <span class='ocrx_word' id='word_1_262' title='bbox 309 2282 326 2319; x_wconf 91' lang='lat' dir='ltr'>p.</span> <span class='ocrx_word' id='word_1_263' title='bbox 338 2272 350 2307; x_wconf 80' lang='lat'><strong>2</strong></span> <span class='ocrx_word' id='word_1_264' title='bbox 367 2281 385 2307; x_wconf 86' lang='lat' dir='ltr'>u.</span> <span class='ocrx_word' id='word_1_265' title='bbox 395 2271 436 2309; x_wconf 78' lang='lat' dir='ltr'>elo.</span> 
     </span>
    </p>
   </div>
   <div class='ocr_carea' id='block_1_4' title="bbox 0 0 798 2412">
    <p class='ocr_par' dir='ltr' id='par_1_5' title="bbox 0 0 798 2412">
     <span class='ocr_line' id='line_1_37' title="bbox 0 0 798 2412; baseline 0 0"><span class='ocrx_word' id='word_1_266' title='bbox 0 0 798 2412; x_wconf 95' lang='lat' dir='ltr'> </span> 
     </span>
    </p>
   </div>
  </div>
 </body>
</html>
