1567 2412
233 26 307 81 raas
324 44 340 88 1,
359 45 431 81 carus
446 45 488 80 vm
582 87 583 90 Ἴ
624 47 625 50 ’
663 30 709 79 45

29 139 108 185 turum
120 151 144 184 sc
160 137 344 192 occasionemque
356 135 505 194 quaesiturum
528 133 554 179 2⁰
564 133 590 180 si
605 132 662 180 nolit
674 133 710 180 ol·

28 199 116 245 tensam
128 198 170 244 sibi
183 198 271 242 illatam
281 195 414 250 condonare,
425 208 519 252 gravem
530 194 648 241 minitetur
659 195 708 240 vin·

30 258 123 311 dictam,
137 257 229 302 differre
237 255 360 312 vellimus,
371 267 437 312 quam
449 267 490 313 par
499 256 542 310 est,
550 266 601 300 cum
611 253 708 299 eliorum

29 317 136 364 scandalo
155 313 361 360 reconc1liationem
382 328 433 360 cum
454 314 566 372 proximo,
591 316 632 359 aut
652 313 709 358 nolit

29 379 150 436 praestare,
168 374 226 432 quod
242 376 332 418 tenetur
348 374 389 419 sub
405 373 496 419 mortali
514 387 537 418 v.
553 387 576 432 gv
597 372 710 431 stipendia

29 438 83 482 dare
94 434 195 489 famulis,
207 437 286 491 tegere
298 434 403 479 decenter
417 438 502 493 pectus,
516 434 573 489 quod
585 445 635 478 oum
646 446 710 478 scan-

28 496 79 541 dalo
98 497 182 539 nuttam
202 495 270 550 gerit
290 494 315 538 3⁰
334 494 358 539 si
373 494 472 539 retineat
489 493 629 538 voluntatem
644 492 725 538 ducl-=

28 555 90 600 laudi
102 568 142 599 suo
153 557 263 609 tempore,
276 554 301 598 4⁰
314 553 339 598 Si
350 552 432 599 habeat
445 552 549 598 notitiam
561 552 667 610 alicujus,
681 565 710 597 ex

29 628 72 671 quo
90 627 161 669 grave
180 614 286 657 damnum
297 613 415 657 immineat
427 612 493 657 alteri
504 616 528 656 et
540 611 597 655 nolit
611 624 710 667 congruo

29 674 95 719 modo
113 672 209 726 efficere,
226 675 252 716 ut
267 674 393 726 avertatur,
411 684 434 715 v.
455 685 478 729 g.
500 671 517 716 si
531 671 596 726 sciat,
612 670 710 727 aliquem

30 746 79 778 esse
88 733 111 777 in
119 732 219 789 periculo
225 732 303 788 gravis
311 731 455 785 seductionis,
466 744 591 776 neocorare
602 731 657 775 velit
666 731 709 789 (1),

29 794 55 836 ut
66 805 103 835 res
114 791 273 835 manifestetur
281 790 336 845 illis,
348 792 376 834 acl
386 803 441 846 quos
452 793 540 847 spectat
548 791 663 845 corrigere
674 789 711 833 vel

29 850 148 908 impedire.
160 851 229 895 Ratio
242 851 321 895 horum
333 854 376 904 est,
396 849 448 907 qnia
459 850 516 895 tales
528 853 580 894 sunt
593 849 615 894 in
627 848 711 894 actuali

30 912 97 968 gravi
106 915 205 967 peccate.
216 912 241 955 5⁰
248 911 294 955 Per
305 925 329 955 se
340 911 458 967 loquente,
472 911 490 954 si
500 911 611 966 poenitens
621 910 712 965 ignoret

30 971 88 1015 scitu
101 971 228 1014 necessaria
240 970 374 1014 necessitate
390 971 458 1012 medii
472 969 504 1027 (2)
517 984 557 1013 nec
569 970 640 1025 possit
652 982 709 1013 nunc

28 1029 121 1084 instrui,
134 1032 159 1074 at
169 1031 188 1074 si
198 1029 288 1086 ignoret
297 1030 431 1087 mysterium
441 1030 484 1074 SS.
492 1029 621 1083 Trinitatis,
635 1029 712 1074 incar-

30 1091 137 1143 nationis,
156 1094 199 1133 etc.
218 1090 275 1138 Quia
290 1089 346 1133 fides
363 1090 444 1133 horum
460 1090 529 1132 etiam
547 1090 711 1145 mysteriorum

30 1149 179 1207 probabiliter
203 1152 239 1193 est
264 1148 434 1193 tundamentum
457 1148 712 1206 justificationisllixi

31 1209 105 1265 primo
125 1223 130 1253 :
151 1209 198 1253 Per
215 1222 238 1254 se
259 1209 380 1265 loquendo,
404 1209 456 1264 quia
475 1209 498 1250 in
517 1210 613 1252 articulo
632 1209 713 1252 mortis

31 1267 120 1312 absolvi
142 1271 219 1324 posset
243 1268 283 1312 sub
303 1267 430 1312 conditione
450 1268 557 1325 ignorans
576 1268 713 1325 mysterium
750 1273 752 1275 ’

31 1328 74 1373 SS.
88 1328 216 1382 Trinitatis,
230 1328 249 1372 si
264 1328 347 1372 instrui
365 1341 408 1371 non
425 1331 513 1383 posset;
526 1328 641 1383 probabile
653 1329 713 1372 enim

32 1390 76 1442 est,
89 1387 145 1431 illud
156 1402 200 1431 non
210 1400 260 1431 esse
277 1388 334 1431 scitu
352 1388 503 1438 necessarium
514 1388 651 1432 necessitate
661 1400 712 1432 me-

32 1446 72 1491 dii.
85 1447 137 1491 Dixi
151 1446 176 1490 2⁰
188 1461 193 1490 ;
206 1446 254 1494 Nec
270 1446 343 1505 possit
354 1446 450 1501 traebat,
461 1461 512 1491 nam
530 1447 549 1491 si
565 1448 646 1503 possit,
664 1448 714 1492 ins-

32 1508 141 1551 truendus
160 1508 204 1560 est,
216 1509 264 1559 aut,
277 1507 295 1549 si
312 1510 401 1562 tempus
412 1521 456 1549 non
466 1507 561 1563 patitur,
578 1508 711 1559 monendus,

32 1568 59 1609 ut
72 1569 137 1610 curet
146 1578 169 1609 se
180 1566 345 1610 instruendum.
357 1566 413 1610 Haec
425 1567 480 1610 satis
490 1566 552 1610 clara
564 1569 624 1611 sunt.
638 1567 714 1621 Major

33 1624 155 1683 difficultas,
171 1628 207 1670 est
220 1625 281 1670 circa
299 1625 508 1670 consuetudinarios
526 1626 564 1669 vel
579 1628 714 1671 constitutos

33 1684 57 1728 in
66 1686 300 1742 occasioneproxima.
313 1687 358 1729 Sed
369 1687 397 1730 (le
408 1685 520 1731 hisinfra.
530 1687 558 1730 P.
571 1686 594 1742 3,
603 1700 617 1730 a
627 1701 649 1730 n.
661 1687 713 1731 169.

61 1744 102 1789 36.
114 1770 145 1777 -
153 1746 223 1802 Resp
236 1745 278 1789 Ill.
291 1745 316 1788 Si
327 1746 465 1789 confessario
479 1747 572 1789 constet
583 1759 612 1790 ex
625 1746 716 1790 coales-

33 1801 96 1860 sione
108 1804 212 1860 alterius,
221 1796 372 1862 poenitentem
388 1805 527 1850 commisisse
538 1808 625 1850 certum
634 1819 717 1864 pecca-

58 1952 82 1999 (l)
90 1953 117 1990 Cl.
126 1955 145 1990 S.
154 1955 206 2000 lllph.
218 1955 236 1999 3,
246 1955 277 1996 27,
287 1953 308 1989 3l
319 1959 336 1990 et
344 1954 374 1989 32.

58 1999 82 2046 (2)
95 2011 107 2034 o
121 1999 207 2037 Sacerdos
223 2000 313 2046 excipiens
325 2000 445 2037 confessiones
462 2002 515 2038 fixum
531 2002 576 2038 illud
589 2007 716 2049 immotumque

34 2048 94 2083 animo
104 2057 172 2093 semper
180 2047 252 2092 habeat,
263 2048 360 2083 invalidam
374 2057 414 2084 esse
423 2048 552 2086 ahsolutionem
563 2051 716 2094 sacramentalem,

35 2102 89 2138 quam
98 2094 138 2137 quis
150 2094 240 2139 ignoranti
250 2105 279 2130 res
293 2095 403 2130 necessarias
418 2096 523 2131 necessitate
539 2096 594 2131 medii
609 2097 717 2141 impertitur,

35 2147 68 2174 nee
82 2148 135 2183 posse
148 2139 231 2176 homines
244 2140 280 2176 Deo
292 2150 326 2185 per
340 2140 441 2185 hujusmodi
454 2148 584 2177 sacramentum
599 2142 717 2186 reconciliari,

36 2184 73 2223 nisi
80 2184 132 2230 prius
139 2194 213 2221 excussa
222 2186 471 2232 huJusigucrautiaacnliginc
479 2188 616 2233 adagnitionem
624 2188 666 2225 fidei
675 2189 719 2226 edu·

36 2235 107 2269 eantur.
116 2241 128 2266 »
136 2232 179 2269 Ber.
186 2233 233 2270 xlv.
244 2242 262 2270 c.
271 2233 308 2269 Etsi
319 2232 392 2269 minime
401 2233 411 2270 t
420 2233 465 2273 febr.
478 2234 531 2272 1742.

652 2313 672 2354 t.
