1577 2464
275 80 381 117 pensis„
394 60 474 109 cneum
490 78 515 108 if
536 80 562 84 ‘⁴
627 111 631 118 ‚
676 66 729 115 ,95

44 165 335 225 perfectaestexcessusin
343 167 475 221 putansque
484 165 513 207 ad
522 163 646 207 violentam
654 166 730 220 priva·
759 196 760 199 η

45 227 130 272 tionem
141 224 246 278 rationis,
255 224 348 282 ejusque
359 223 610 281 potestatis'proximae
621 224 730 281 Theologi
769 244 772 246 ·

45 287 172 343 complures
181 285 284 329 dividunt
293 282 428 328 ebrietatem
436 282 561 340 perfectam
569 284 592 327 in
601 282 729 338 formalem,

46 344 517 403 etsquasimuterialem;forma1emdicnnt‚
525 343 732 401 excessuminpotn

46 405 171 461 voluptatis
187 418 254 448 causa
270 404 300 462 (1)
311 417 389 463 ¹usque
405 405 433 448 ad
448 404 601 461 privationem
616 403 730 447 rationis:

46 465 190 511 materialem
200 476 264 518 vero,
277 470 396 508 excessum
410 465 434 508 in
452 466 508 521 potu
523 464 571 509 siue
585 464 649 521 justa
664 476 749 511 causas

47 527 131 570 factam
141 537 212 582 usque
223 525 252 568 ad
263 523 415 581 privationem
424 523 527 569 rationis.
535 524 638 569 Primam
649 523 733 577 forma,-

47 587 92 628 iem
104 588 193 638 vocant,
203 586 264 640 quia,
272 583 331 627 sicut
341 584 452 628 sobrietas
460 588 495 628 est
506 584 579 627 virtus
591 584 733 628 moderativa

47 645 173 701 voluptatis
191 643 217 687 in
224 645 289 701 potu,
305 643 452 690 itaebrietas
469 643 504 688 ilii
522 644 626 701 opposita
645 644 733 688 moveri

47 705 115 748 debet
125 705 251 761 voluptate.
264 703 312 747 mii
322 706 423 758 censent,
437 703 555 748 sobrietati
570 704 651 760 opponi
663 703 733 747 etiam

32 762 33 765 ’
49 764 184 807 ebrietatem
196 777 237 819 per
246 764 338 819 potum,
351 762 395 807 etsi
408 777 452 806 non
463 763 504 806 fiat
515 763 640 819 voluptatis
651 776 731 818 causa;

27 834 30 838 '
49 825 82 878 nt,
95 822 115 868 si
123 824 209 868 amicus
218 823 284 867 amici
294 823 377 879 gratia,
388 823 458 868 etiam
469 837 519 867 cum
529 823 634 867 molestia
644 823 734 868 biberet

49 884 162 940 usquead
177 883 328 941 privationem
344 882 452 940 rationis;
468 887 516 938 aut,
527 884 547 928 si
558 885 601 928 duo
616 885 670 942 potu
681 897 734 929 cum

49 958 134 988 nausea
144 946 315 998 contenderent,
326 957 397 1001 nsque
413 945 441 988 ad
455 945 607 1001 privationem
623 944 732 999 rationis3

43 1005 102 1061 ¹qnia
108 1006 136 1048 ad
147 1004 293 1058 sobrietatem
300 1004 391 1048 videtur
397 1008 500 1060 spectare
511 1004 581 1047 etiam
588 1003 658 1047 talem
667 1017 734 1048 usum

49 1066 116 1118 potus
126 1063 248 1106 moderari.
261 1062 338 1118 Aliqui
350 1063 445 1119 denique
460 1063 594 1106 ebrietatem
606 1063 675 1107 etiam
690 1076 734 1106 vo·

49 1125 103 1165 caut
112 1135 201 1166 omnem
209 1134 313 1166 exessum
321 1122 345 1166 in
352 1125 407 1179 potu
414 1122 560 1175 inebriativo,
570 1122 629 1166 citra
638 1121 734 1167 rationis

50 1182 256 1238 perturbationem
267 1183 292 1225 et
304 1181 492 1226 comessationem
510 1182 628 1227 nominant
644 1195 733 1227 omnem

50 1254 167 1286 excessum
178 1241 202 1286 in
213 1241 274 1297 cibo;
286 1243 326 1287 sed
337 1242 387 1287 haec
400 1241 525 1299 impropria
540 1241 624 1286 locutio
635 1244 671 1286 est
683 1255 688 1287 ι
701 1242 734 1287 sic

50 1303 110 1345 enim
125 1304 235 1346 excedens
248 1307 296 1346 tam
313 1315 395 1359 parum
413 1302 488 1346 ebrius
507 1303 551 1346 dici
566 1305 650 1359 potest²
666 1315 733 1359 quam

49 1361 232 1419 refrigerationis
248 1362 324 1418 gratia
335 1361 358 1406 in
370 1365 424 1420 potu
434 1376 498 1420 aquae
508 1364 626 1416 excedens.

80 1422 118 1466 86.
129 1448 159 1455 -
168 1424 238 1478 Resp.
249 1423 290 1467 IV.
299 1422 413 1477 Ebrietas,
425 1424 462 1467 vei
471 1423 591 1467 inebriatio
600 1422 734 1480 imperfecta

50 1482 140 1537 cuipam
160 1482 274 1525 venialem
295 1494 336 1537 per
356 1495 380 1525 se
401 1494 445 1525 non
465 1482 565 1537 excedit3
589 1481 641 1538 quia
662 1495 733 1538 grave

3 1543 4 1549 ’
50 1542 135 1584 malum
149 1554 192 1583 non
204 1544 248 1596 est,
260 1554 340 1598 parum
354 1553 395 1598 per
406 1554 523 1586 excessum
534 1542 557 1585 in
575 1543 629 1597 potu
640 1542 734 1599 turbare

50 1601 171 1655 rationem,
184 1600 247 1644 salvo
259 1601 308 1656 ejus
322 1613 364 1645 usu
375 1600 436 1645 circa
453 1601 535 1645 bouum
547 1604 570 1646 et
586 1600 672 1645 malum
683 1614 734 1646 mo-

50 1660 108 1705 rale.
120 1661 226 1704 Ebrietas
246 1664 323 1711 autem
338 1660 442 1706 formalis
452 1662 554 1719 perfecta
568 1664 603 1707 est
616 1665 735 1719 peccatum

50 1720 147 1775 lethale,
168 1720 266 1773 saltem,¹
283 1720 303 1763 si
322 1720 360 1764 diu
381 1723 458 1778 privet
479 1734 521 1766 usu
539 1722 643 1766 rationis.
664 1722 734 1767 Ratio

52 1782 87 1826 est
107 1780 128 1825 1.
148 1780 205 1829 Quia
221 1782 257 1825 est
270 1780 349 1836 gravis
365 1781 518 1837 deordinatio,
542 1781 733 1839 deformitasque,

51 1841 153 1897 potentia
173 1841 277 1897 proxima
298 1842 376 1885 utendi
395 1842 493 1896 ratione,
516 1856 560 1898 qua
579 1843 647 1885 homo
667 1856 736 1898 supra

51 1901 119 1944 bruta
133 1901 168 1943 est
180 1899 291 1953 elevatus,
302 1899 350 1942 sine
358 1900 422 1956 J'usta
431 1914 507 1954 eausa,
517 1901 645 1957 praesertim
657 1901 735 1957 volup·
748 1919 750 1922 ·

52 1960 107 2004 tatis
118 1958 202 2015 gratia,
216 1973 239 2003 se
250 1957 362 2002 violenter
372 1960 474 2016 privare,
487 1962 510 2004 et
525 1960 559 2003 ita
567 1959 669 2016 ineptum
681 1962 737 2005 red-

53 2019 106 2062 dere
115 2021 144 2064 ad
153 2021 265 2076 agendum
275 2019 373 2062 humano
383 2021 459 2076 modo,
472 2033 522 2079 quae
533 2020 561 2065 ad
572 2020 691 2076 virtutem,
704 2020 735 2064 oi«

50 2078 140 2135 ficinm‚
160 2079 319 2124 necessitatem
336 2077 418 2125 animae
440 2083 464 2126 et
482 2080 584 2138 corporis
605 2081 734 2138 pertinent¹

50 2140 130 2197 sicque
139 2140 261 2197 deturpare
271 2139 394 2197 imaginem
405 2142 455 2197 Dei,
472 2144 495 2187 et
510 2142 538 2185 ad
548 2142 668 2187 brutorum
681 2154 735 2185 con*
756 2192 758 2196 Ι

66 2273 440 2333 watham.1.2.q.88.a.53a.1.
494 2242 507 2317 Ι,
575 2302 579 2305 -
598 2304 601 2306 -
