1577 2464
144 101 146 109 ¹
216 148 218 151 ,
269 117 328 149 rens
344 117 369 159 n,
387 116 461 147 cneur
476 116 492 146 v
676 105 720 160 169

40 202 132 261 negotia
141 202 265 247 domestica
270 205 306 248 tot
316 202 404 259 legibus
415 202 547 247 satisfacere
558 215 600 245 non
607 203 719 262 possunt),

38 266 94 310 ‚dent
105 276 145 308 sua
157 263 256 317 nomina,
269 276 319 307 eam
326 262 418 319 adeant,
428 262 496 319 juxta
507 261 556 319 ejus
570 261 633 318 leges
645 262 721 307 divina

39 323 193 380 frequentent.
204 325 226 368 4.
234 325 266 367 Ut
273 325 322 367 tum
331 322 392 367 inter
402 337 434 376 se,
442 327 490 367 tum
498 322 559 366 inter
568 335 620 366 suos
627 323 721 368 maximi
781 330 783 339 '

40 385 154 429 aestiment
168 386 191 428 et
210 385 290 427 curent
307 384 467 427 concordiam:
483 383 520 435 nbi
533 381 593 426 enim
612 382 661 427 haee
677 395 721 427 non
762 426 764 428 .

39 443 84 499 est,
96 458 137 488 nec
147 443 273 487 benedictio
288 442 340 487 crit.
352 443 453 488 Caveent
466 455 562 499 quoque,
574 455 601 485 ne
613 443 661 485 sine
672 456 723 499 spe·

39 504 92 549 ciali
103 516 171 548 causa
181 502 324 562 necessitatis
334 516 401 547 unam
413 503 499 560 protem
509 515 557 559 prae
569 501 620 546 aitis
629 501 722 547 foveant
766 547 768 551 ,

40 562 212 608 advertentibus
222 563 273 606 aliis
284 576 288 606 :
298 564 340 606 hoc
350 563 410 607 enim
421 562 539 616 invidiam,
547 565 571 605 et
579 563 721 605 aversionem

40 624 110 679 parit.
118 624 206 681 Neque,
214 622 265 665 dum
273 621 367 678 prolesa
376 624 440 678 patre
450 622 551 678 punitur,
559 621 578 664 si
586 635 637 664 eum
646 621 722 665 mode-

41 681 128 726 ramine
147 682 196 736 fiat,
213 685 287 725 mater
298 682 373 738 palam
389 682 493 736 obsistat,
510 685 549 725 aut
567 681 626 737 proli
643 685 722 736 postea

41 741 179 793 blandiatur,
190 754 216 784 ae
227 741 246 785 si
261 742 367 784 innccens
378 755 444 797 passa
454 744 515 784 esset
527 754 532 783 :
546 741 587 782 hoc
603 740 662 782 enim
672 754 722 785 eor·
755 763 768 796 χ

10 847 12 852 ,
41 801 148 845 rectionis
160 800 258 847 fructum
270 802 353 855 autent,
367 805 390 845 et
400 801 483 845 liberos
498 799 554 844 facit
565 799 719 845 refractarios.
765 804 768 809 ’

42 862 68 906 Si
78 863 144 917 pater
155 862 278 905 monendus
294 860 407 916 uideatur,
419 860 459 905 fiat
472 861 515 916 hoc
524 859 582 904 eiam
594 861 678 916 pueris.
691 861 722 905 Et

41 922 90 965 haec
104 922 182 965 eadem
195 925 272 965 servet
285 923 358 977 pater,
377 921 395 965 si
412 923 487 965 mater
504 922 623 964 moderate
632 921 719 977 puniat.

40 982 63 1025 5.
77 982 109 1024 Ut
118 993 157 1036 pro
169 980 313 1024 facultatibus
323 980 369 1024 suis
381 980 427 1026 sint
437 980 595 1024 misericordes
605 980 628 1022 in
638 992 722 1037 paupe·

40 1052 92 1085 res:
104 1039 174 1086 Beati
183 1040 242 1083 enim
251 1040 412 1094 erisertcordes,
423 1039 531 1099 peroratum
541 1039 722 1097 tyrsiucisertcor·

41 1100 104 1146 diurn
113 1103 283 1158 consequentur.
293 1101 376 1144 Mattb.
390 1113 412 1143 v.
421 1100 556 1145 Fenerutm·
565 1099 672 1156 Domino,
681 1100 723 1159 qut

42 1159 161 1205 uztseretm·
173 1160 289 1217 pauperis.
302 1161 372 1204 Pron.
381 1174 435 1219 lxix„
449 1160 496 1213 met
507 1160 548 1204 ctat
559 1160 665 1217 puerperi,
677 1171 723 1204 reon

41 1219 161 1277 tardipettt,
170 1219 211 1278 qut
222 1219 318 1275 despicit
328 1219 489 1277 deprecantem,
498 1218 617 1265 miseriem
626 1220 723 1265 cristine·
777 1249 779 1253 ,

40 1279 83 1325 iit.
91 1281 161 1323 Prov.
172 1280 358 1323 xxvni.Proinde
365 1293 475 1337 pauperes
485 1292 528 1323 non
538 1279 671 1335 despiciant,
678 1292 722 1323 non

41 1340 154 1395 repellant
162 1338 229 1394 dure,
241 1340 288 1392 sed,
299 1339 318 1382 si
329 1351 513 1388 succurrerenon
524 1340 619 1395 possint,
627 1339 723 1395 benigne

43 1398 159 1444 dimittant
172 1410 177 1443 ε
190 1396 210 1443 si
229 1399 331 1456 possunt,
350 1397 435 1444 faciant
454 1398 513 1451 bona
530 1398 654 1442 intentione
669 1402 727 1447 tane

43 1472 110 1515 quam
126 1458 225 1513 Christo,
237 1460 275 1515 qui
293 1459 425 1514 quibusdam
441 1459 514 1503 voluit
532 1471 581 1503 esse
600 1458 721 1515 superflua,
771 1463 775 1486 *²

41 1519 94 1563 aliis
103 1519 181 1568 deesse
192 1519 328 1573 necessaria,
341 1521 366 1563 ut
380 1519 414 1562 ilii
429 1519 453 1562 in
463 1519 499 1563 his
510 1518 553 1563 sibi
564 1519 724 1574 gratificamu-

11 1612 13 1617 ι
42 1583 81 1622 tur
98 1580 122 1621 et
137 1581 280 1621 mererentur
293 1578 479 1622 misericordiam.
494 1578 594 1634 'Expedit
608 1578 686 1631 etiam,
698 1580 724 1623 ut

39 1648 148 1694 ,parentes
159 1637 235 1693 pueris
249 1638 393 1682 committant
403 1638 569 1694 eleemosynam
588 1638 724 1694 pauperibus

43 1697 202 1755 porrigendam
214 1709 219 1740 :
232 1698 264 1740 sic
275 1698 335 1741 enim
345 1711 359 1741 a
369 1698 454 1741 teneris
464 1698 558 1742 induent
568 1698 673 1749 affectum
683 1699 725 1741 mi·
770 1746 772 1748 .

43 1756 180 1801 sericordiae.
191 1756 277 1801 Bonam
285 1757 492 1807 matrem-,familias
501 1757 609 1802 describit
618 1757 725 1803 Salomon

40 1817 113 1861 Pron.
126 1831 193 1868 xxxi,
205 1819 315 1871 vocatque
331 1817 451 1861 mutierem
468 1817 559 1862 fortem.
576 1814 675 1874 Bpssu‘s,
687 1817 726 1861 in-

40 1877 100 1933 quit,
111 1880 133 1923 et
139 1889 248 1936 purpura
257 1874 413 1929 treduurcntum
422 1877 472 1933 ejus
483 1894 491 1921 .·
501 1877 523 1921 id
536 1879 579 1933 est,
591 1878 674 1921 candor
686 1890 725 1921 seu

2 1990 4 1995 ,
43 1937 164 1994 integritas
176 1938 239 1994 ritae,
254 1949 293 1980 seu
307 1937 451 1981 verecundia.
467 1936 726 1984 Oorzstdcmoitscmttas

43 1996 198 2052 donmssna·
216 1997 258 2039 hoc
272 1999 314 2050 est,
327 2009 402 2039 mores
416 2010 469 2041 suos
487 1999 511 2040 et
527 2009 627 2041 snorum.
638 1997 726 2041 Partem

41 2055 117 2101 otiose
133 2068 178 2101 oron
196 2055 303 2108 eomeuu,·
313 2054 339 2108 id,
352 2057 394 2105 est,
407 2055 484 2099 labore
501 2056 630 2113 acquisivit.
646 2055 726 2102 Omnes

40 2115 160 2162 donrestiot
168 2114 218 2173 ejus
230 2114 371 2161 restitisset
384 2114 529 2172 trepidatum
540 2130 620 2175 nempe
632 2117 725 2160 seientia

43 2179 184 2236 competente
195 2181 218 2231 et
230 2176 360 2221 virtutibus.
374 2174 405 2220 Os
415 2188 482 2221 sutem
494 2178 586 2234 aperuit
599 2176 724 2235 sapientire,

39 2235 109 2281 etim
119 2237 238 2283 sternentem
248 2239 274 2282 ta
289 2236 307 2282 u
315 2248 369 2295 epau
378 2234 441 2291 esus·
452 2236 475 2279 id
487 2242 529 2290 est,
543 2237 618 2280 verbis
628 2237 726 2292 prudens

40 2299 66 2340 et
80 2296 187 2350 clemens,
206 2310 245 2340 sou
261 2297 345 2341 suavis.
362 2294 472 2340 Acetrrutt
488 2296 625 2341 fortitudine
640 2294 726 2339 tanatos
751 2344 753 2347 Α

646 2386 667 2423 m
