1577 2464
264 62 323 121 rins
337 85 379 130 111,
390 86 465 119 curor
483 86 524 118 vni
688 72 734 119 329

56 174 200 220 num-ardere
210 175 265 219 velit
274 174 297 218 in
308 174 405 229 inferno,
415 186 444 217 an
455 186 480 218 re
486 186 563 229 carere
572 174 645 219 aliena
655 174 732 230 malit;

56 236 165 290 sciatque,
178 237 262 279 nullam
274 234 308 277 illi
320 248 333 277 a
344 235 391 277 Deo
409 235 584 289 exspectandam
600 249 648 278 esse
665 237 734 278 bene·
750 232 753 254 ³

57 295 185 350 dictionem,
198 296 236 352 qui
247 294 367 338 maledicet
382 293 431 350 ejus
447 294 545 351 propriis
560 298 652 350 propter
661 295 734 338 aliena

56 369 168 411 possessa,
181 358 204 398 et
214 355 298 409 injuste
309 352 409 407 detenta,
422 356 448 398 ut
457 353 597 409 experientia
606 354 669 396 docet
679 354 735 396 mul·
785 369 787 372 ’

57 419 93 457 tos
106 428 111 457 z
125 417 182 456 unde
194 418 271 457 natum
281 413 426 468 proverbium
437 426 441 456 ε
454 413 516 456 Male
530 415 596 468 parta
606 414 665 456 male
676 413 735 456 dila-

56 475 148 518 buntur.
159 474 182 517 Si
192 475 260 518 dicat.
269 473 353 516 liberos
360 486 412 516 suos
419 472 468 516 fore
478 472 582 524 miseros,
591 485 634 514 non
646 472 734 526 credat,
765 479 767 482 “

58 535 96 576 sed
105 534 185 590 jubeat
196 546 245 576 eum
257 533 304 576 Deo
315 530 435 587 confidere,
444 532 482 589 qui
493 531 548 576 facit
559 533 633 576 omnia
643 531 737 587 diligen-

58 593 118 643 tibus
130 606 153 636 se
170 593 285 649 cooperari
297 592 427 644 in‘bonum3
441 592 535 636 miseros
546 591 595 636 fore
604 595 707 648 reponat,
717 592 737 637 si

59 653 133 696 aliena
144 653 280 709 possideant,
293 656 316 698 et
330 655 445 698 subtracta
456 653 497 697 Dei
508 653 662 697 benedictione
672 655 738 696 aeter-

58 727 112 755 num
126 714 234 768 cumipse
249 718 349 770 pereant,
363 715 381 756 si
394 717 416 756 et
430 727 473 773 sua
490 715 583 769 propter
599 712 673 756 aliena
687 726 738 769 per-

59 774 114 816 dant
125 784 130 816 :
141 773 173 816 De
188 774 246 816 male
258 773 359 827 quaesitis
369 787 413 815 non
428 774 511 828 gaudet
521 773 603 815 tertius
618 773 700 814 haeres.
712 773 737 815 Si

60 833 165 888 opponat,
185 832 288 887 graviter
304 846 327 876 se
345 846 463 888 passurum
479 833 501 874 in
518 833 587 885 fama,
600 835 737 888 suggeratur

59 892 147 944 modus,
156 905 199 947 quo
215 893 281 936 famae
291 892 429 938 consulatur.
440 891 594 935 Conlessarius
605 894 681 934 tamen
693 905 737 935 non

60 951 126 994 facile
136 950 159 995 id
178 965 232 995 onus
249 952 364 1009 suscipiat,
380 966 407 995 ne
424 952 524 1007 sigillum
539 951 645 996 violetur.
659 952 681 996 6.
694 952 737 1001 Qui

61 1011 155 1055 antehac
176 1013 302 1065 admonit-us
319 1027 362 1055 non
372 1011 482 1067 restituit,
495 1009 632 1067 regulariter
643 1026 687 1055 non
703 1016 738 1056 est

61 1071 217 1125 absolvendus,
238 1072 529 1127 donecrestitue1·it:quia
551 1072 617 1116 nimis
637 1072 738 1125 proclive

61 1134 97 1174 cst
111 1131 234 1185 periculum
246 1132 394 1186 propositum,
405 1132 463 1186 quod
480 1130 580 1186 praefert,
591 1131 708 1174 mutandi:
719 1131 739 1175 si
752 1131 754 1136 ’

61 1196 137 1233 tamen
149 1189 197 1245 jam
212 1189 244 1234 sic
257 1191 374 1234 videretur
383 1191 526 1245 constitutus,
538 1193 563 1235 ut
572 1191 653 1234 merito
663 1191 739 1235 crede·
765 1215 767 1218 ·

61 1255 125 1292 retur
135 1263 188 1292 mox
199 1250 456 1303 satisfacturus,absolvi
467 1252 554 1306 posset;
566 1252 666 1294 attamen
677 1253 739 1296 recte

62 1309 83 1353 ei
93 1308 259 1367 injungeretur,
271 1314 296 1353 ut
308 1311 335 1354 ad
349 1312 533 1355 Conrmunionem
549 1311 611 1367 prius
622 1325 665 1355 non
677 1324 740 1355 acce-

62 1370 133 1425 deret,
146 1384 212 1427 quam
225 1375 282 1427 actu·
291 1371 426 1424 restituerit,
439 1372 482 1414 nisi
494 1375 554 1415 esset
565 1371 668 1426 specialis
679 1371 738 1415 ratio

61 1430 84 1472 id
96 1429 254 1486 permittendi,
266 1432 289 1473 et
299 1433 352 1474 tunc
361 1431 550 1487 praescribendum
561 1430 594 1474 illi
605 1434 702 1487 tempus,
715 1436 739 1475 et

62 1491 141 1534 modus
156 1490 298 1546 restituendi,
312 1493 369 1548 quod
383 1490 473 1536 et'alias
488 1498 547 1547 saepe
563 1491 650 1535 utiliter
664 1495 739 1548 potest

61 1550 120 1604 fieri,
130 1551 147 1592 si
160 1558 211 1593 ante
221 1551 304 1593 factam
314 1552 480 1594 restitutionem
488 1553 626 1593 absolvatur.
634 1551 737 1594 Trident.

63 1622 118 1654 sess,
134 1622 192 1663 xxv,
205 1609 232 1653 de
249 1609 351 1654 Reform.
365 1625 385 1653 c.
404 1623 445 1664 xii,
458 1610 568 1667 praecipit,
581 1612 615 1660 ut,
628 1610 664 1665 qui
682 1611 740 1654 deci·
774 1629 776 1637 =

63 1682 111 1713 mas
126 1683 168 1713 non
184 1669 259 1723 solvit,
273 1673 312 1712 aut
326 1670 460 1715 solutionem
474 1669 600 1725 impedivit,
612 1684 656 1712 non
668 1670 741 1714 absol-

48 1775 49 1781 ,
62 1730 138 1783 vatur,
145 1729 188 1773 nisi
198 1733 274 1773 secuta
283 1729 350 1784 plena
360 1730 511 1783 restitutione,
521 1732 584 1786 puta,
594 1729 636 1773 nisi
649 1733 740 1774 excuset

63 1788 232 1845 impossibilitas
242 1790 383 1834 restituendi.
394 1790 471 1839 [Qui
479 1803 526 1833 rem
538 1790 635 1833 alienam
647 1791 704 1846 apud
716 1804 741 1834 se

64 1850 158 1904 detinet,
171 1849 283 1894 ordinarie
293 1863 336 1893 non
351 1852 386 1894 est
397 1851 553 1902 absolvendus,
565 1851 607 1893 nisi
621 1850 685 1906 prius·
694 1864 740 1895 res-

63 1909 161 1964 tituerit,
180 1910 207 1954 ob
225 1909 348 1967 periculum
365 1910 480 1973 relabendi
494 1911 516 1954 in
528 1911 625 1967 priorem
638 1911 741 1955 volunta-

64 1973 119 2023 tem,
132 1974 172 2015 aut
182 1984 232 2014 cum
247 1972 327 2014 damno
336 1971 420 2013 domini
432 1971 554 2029 differendi*
563 1971 737 2026 restitutionem.
750 2000 756 2009 ,-

64 2029 87 2074 8.
98 2030 140 2080 Qui
152 2029 381 2087 promittitiaoturum
394 2044 418 2074 se
427 2031 739 2086 restitutionemvideturque

31 2088 32 2091 ’
65 2093 117 2134 ante
134 2091 291 2144 absolvendus,
310 2090 445 2135 determinet
465 2093 563 2147 tempus
580 2091 738 2147 jubeaturque,

65 2150 102 2193 vel
118 2152 247 2203 suadeatur,
258 2155 282 2193 ut
299 2149 393 2204 singulis
404 2151 490 2204 diebus,
503 2151 522 2193 si
532 2151 609 2193 statim
621 2150 740 2192 restituere

66 2221 108 2253 non
128 2211 206 2267 possit,
219 2213 282 2267 petat
296 2209 392 2264 gratiam
412 2223 488 2253 corani
501 2210 619 2254 'Crucifixo
637 2221 743 2265 perseve-

66 2270 160 2315 verandi
174 2270 197 2315 in
215 2270 338 2328 proposito,
350 2268 449 2327 illudque
469 2273 554 2315 statuto
573 2272 674 2326 ternpore
691 2282 742 2315 exea
