1577 2464
267 3 272 26 4,

192 65 193 68 =
259 37 265 95 i
280 52 340 84 enas
355 50 389 95 ΙΙΙ,
406 52 480 84 carus
495 54 519 84 iv
694 39 744 86 275

60 137 185 183 Ecclesiam
197 139 279 182 debere
288 152 353 196 posse
363 138 583 195 inveniri„adeoque
593 138 676 183 habere
687 153 743 184 cer-

60 202 96 244 tas
105 201 179 253 notas,
188 212 216 242 ex
226 200 305 256 quibus
317 199 417 255 dignosci
426 199 510 257 possit3
520 199 573 255 qnia
583 202 686 243 tenemur
691 201 739 256 ejiis
766 202 768 204 ’

61 260 186 310 doctrinam
204 260 317 315 amplecti,
332 264 354 303 et
365 260 436 315 sequi.
449 260 546 304 dNotas
560 273 621 304 verae
632 260 739 303 Ecclesiae

61 318 145 364 Christi
164 333 221 373 esse,
239 320 297 374 quod
314 319 343 363 sit
361 333 412 372 una,
435 326 520 374 saneta,
536 320 655 372 catholica,
672 333 740 376 apos-

61 379 137 432 tolica,
155 380 240 433 hasque
258 379 300 422 soli
319 379 427 422 Ecclesiae
442 380 560 422 catholicae
576 379 697 421 convenire
712 392 742 423 ex

61 453 83 482 n.
95 438 147 483 199.
155 438 177 484 5.
188 438 213 482 In
225 452 280 482 vera
288 438 373 484 Christi
382 439 483 483 Ecclesia
491 439 571 482 debere
583 452 632 482 esse
641 437 740 495 jndicem

4 507 5 511 ’
41 504 43 551 Ι
61 498 202 543 infallibilem
221 499 426 544 controversiarum
447 500 470 543 in
488 501 554 543 rebus
571 499 632 553 fidei,
646 503 668 542 ct
689 512 740 542 mo-

41 567 43 584 ³
60 572 124 615 rum3
137 559 193 603 alias
204 559 307 603 Christus
318 560 424 604 Ecclesiae
437 573 482 604 suae
494 573 543 603 non
558 559 614 605 satis
626 558 744 615 providis-

62 623 108 674 set3
122 619 187 663 facile
199 620 303 664 deficeret
315 622 342 664 ab
354 621 440 669 unitate
452 623 476 665 et
487 622 607 664 sanctitate
620 620 738 673 doctrina,

62 682 144 734 etpost
155 683 216 722 ortas
235 683 269 723 tot
285 674 384 734 haereses
398 684 421 722 et
439 680 555 736 opiniones
572 682 600 722 de
615 674 650 721 iis*
662 679 741 721 diver-

62 752 107 792 sas,
125 738 272 792 nesciremus,
294 740 346 795 quid
366 741 499 793 tenendum,
518 740 571 796 quid
592 738 741 793 rejiciendum

62 801 122 850 esset
135 812 140 842 Ι
152 812 194 842 non
205 800 383 856 intelligeremus
397 814 477 844 verum
493 800 515 843 in
532 799 609 844 multis
621 799 743 856 scripturae

62 870 152 903 sensum
165 871 170 902 t
184 874 226 902 non
235 873 350 916 possemus
359 861 495 915 discernere,
505 861 594 917 quinam
606 859 659 903 libri
670 859 740 915 serip-

62 923 120 963 turae
132 919 177 963 sint
187 932 199 962 a
209 919 295 975 Spiritu
307 923 384 964 sancto
394 920 480 970 dictati,
489 924 512 963 et
521 920 608 976 quinon
619 918 738 973 :Gentilis

52 981 102 1024 ,aut
112 980 193 1023 merito
209 979 312 1023 dubitans
324 981 402 1023 desua
417 980 527 1036 religione
543 979 646 1023 invenire
661 992 747 1028 veram„

61 1039 205 1095 Religionem
222 1053 264 1081 non
286 1043 370 1096 posset.
389 1040 491 1082 Judicem
510 1042 585 1083 antem
606 1040 676 1082 talem
696 1053 739 1082 nou

62 1100 121 1156 apud
137 1100 256 1143 haereticos
267 1112 316 1142 csse
327 1100 427 1142 fatentur
442 1099 494 1154 ipsi,
507 1113 558 1142 eum
571 1102 647 1142 autem
659 1098 741 1142 Catho·
754 1110 756 1112 ’

29 1157 32 1163 ’
62 1159 100 1203 lici
109 1160 199 1211 hebent,
213 1173 292 1214 nempe
303 1158 419 1203 Vioarium
431 1160 524 1212 Christi,
536 1160 560 1202 S.
574 1159 638 1203 Petri
650 1171 741 1203 succes-

62 1232 144 1264 sorem.
155 1219 197 1262 His
207 1220 338 1276 praemissis,
350 1220 369 1263 si
379 1220 435 1264 velit
446 1220 581 1263 descendere
592 1218 642 1276 quis
650 1219 678 1262 ad
689 1232 741 1276 par-

62 1279 169 1323 ticulares
185 1280 236 1322 fidei
248 1280 363 1332 articulos,
381 1281 507 1333 dicendum,
519 1280 678 1334 intelligendos
691 1292 740 1323 esse

60 1339 127 1395 juxta
138 1353 227 1384 sensum
239 1354 300 1383 verae
314 1340 421 1383 Ecclesiae
437 1340 529 1393 Christi,
541 1340 576 1382 cui
588 1340 659 1396 judex
675 1338 740 1382 infal-

62 1399 131 1443 libilis
142 1400 303 1443 controversiis
319 1400 446 1444 decidendis
457 1400 593 1458 praepositus
610 1413 623 1442 a
639 1399 738 1443 Christo.

62 1460 118 1503 Haec
132 1463 207 1502 autem
218 1462 337 1503 tractanda
348 1463 399 1503 sunt
412 1473 462 1503 eum
480 1460 659 1512 mansuetudine,
672 1459 741 1501 corni-

63 1522 118 1572 tate,
136 1519 184 1564 sine
199 1523 339 1575 contemptus
356 1521 431 1576 signo,
445 1535 472 1563 ne
491 1520 608 1563 acerbetur
627 1519 703 1562 anima
717 1522 740 1563 et

62 1578 183 1624 suscitetur
195 1580 327 1635 pertinacia.
341 1581 414 1636 Atque
426 1581 467 1624 hoc
483 1581 548 1624 modo
562 1580 674 1637 agendum
689 1579 743 1623 oum

62 1640 228 1693 convertendis,
239 1641 277 1694 qui
292 1646 316 1685 et
326 1641 439 1685 excitandi
450 1643 510 1695 sunt,
522 1644 548 1684 ut
565 1654 579 1683 a
595 1642 642 1684 Deo
662 1643 741 1696 petant

62 1701 150 1752 lumen,
167 1700 262 1744 offerant
278 1705 405 1757 separatos
419 1703 446 1745 ad
461 1701 657 1757 obsequendum]
638 1700 687 1744 e‘us
698 1713 741 1743 vo-

62 1760 153 1811 luntati,
167 1759 297 1814 frequenter
320 1761 410 1803 eliciant
425 1762 524 1803 dolorem
541 1762 573 1802 de
582 1714 688 1816 peccaiis,
701 1773 749 1810 car

63 1821 132 1861 veant
141 1820 168 1860 ab
180 1819 222 1870 ΙΙΙΙ
235 1834 261 1860 e
241 1819 356 1862 obicem
367 1824 451 1923 ponant
463 1820 535 1876 Spirit
536 1820 559 1863 ui
568 1823 653 1863 sancto.

93 1878 191 1922 205—
202 1853 295 1934 Respl
297 1879 374 1923 isis
364 1881 554 1937 tortequisdicat
564 1880 585 1923 l.
600 1879 675 1936 Soript
677 1893 742 1923 uram

64 1952 112 1983 esse
124 1939 222 1993 claram
233 1939 314 1982 2nihil
325 1940 452 1984 credendun
467 1941 594 1984 necessario
598 1941 741 2008 ,quodinea

64 2013 108 2042 non
119 1999 223 2051 habetur,
236 2000 311 2043 velex
323 2014 349 2042 ea
360 2014 400 2055 per
414 2001 504 2044 evident
495 2006 541 2043 tem
560 1998 695 2060 consequent
697 2000 740 2041 iam

65 2072 109 2102 non
119 2059 235 2103 deducitur
242 2059 282 2114 ,3
296 2060 420 2116 quodnihil
405 2061 451 2104 rin
464 2062 494 2105 rit
496 2076 521 2105 ns
485 2044 741 2105 tEeelesiaeinores-

65 2132 107 2175 que
116 2074 231 2180 horninuni
241 2121 271 2164 sit
280 2121 435 2164 inducendum
431 2136 496 2178 ql(
460 2123 501 2165 uod
511 2136 554 2164 non
565 2134 670 2177 expresse
679 2132 741 2162 man

65 2180 132 2222 datur
141 2176 166 2223 in
178 2180 314 2237 Scriptura.
327 2182 515 2239 respondendum,
528 2181 589 2224 aliud
604 2182 687 2224 sentire
696 2180 741 2221 Eo-

65 2237 171 2299 clesiam,
179 2253 239 2285 verae
254 2235 416 2286 Eeclesicet
377 2244 416 2285 not
417 2241 436 2285 is
447 2241 587 2298 insignitam,
600 2240 634 2284 oui
647 2238 743 2283 creden-
