1567 2412
22 66 64 121 »30
97 69 638 127 fnuo-oonrrssnmnscrannonrnsrnuorns
692 83 695 92 ’

32 174 149 232 J'ungatur
155 175 202 221 alia
211 174 344 233 poenitentia
354 175 403 221 loco
412 175 521 233 injunctae
532 176 560 219 ab
569 175 613 220 alio
625 176 715 222 contes-

35 235 106 290 sario,
117 235 305 279 illiannuendum
316 249 360 279 non
376 238 419 289 est,
436 236 480 278 nisi
494 238 568 279 status
579 237 714 279 antecedens

34 294 98 340 iilius
114 309 142 339 ex
153 295 291 339 confessione
303 296 383 340 saltem
399 295 490 339 confuse
506 299 656 351 cognoscatur
667 294 715 354 (l);

35 355 90 412 quia
97 354 168 412 judex
179 354 258 412 neqm‘t
265 355 369 411 judicare
375 353 490 412 incognita
499 368 567 399 causa
576 353 618 413 (2)
629 355 715 399 Putant

26 415 126 472 quidem
141 413 221 461 Tamb.
234 417 257 461 et
275 415 361 474 lllsung
372 416 457 460 statum
473 414 603 473 poenitentis
622 418 715 460 antece-

35 477 126 521 dentem
147 475 203 520 satis
224 476 329 532 cognosci
344 489 372 519 ex
394 476 528 533 poenitentia
547 476 582 519 illi
602 471 713 531 injuncta,

35 537 130 592 ideoque
145 548 200 591 opus
211 550 255 579 non
272 549 329 591 esse,
346 538 370 581 ut
382 537 487 592 peccata,
501 535 528 579 ob
544 549 594 593 quoe
612 536 715 593 injuncta
728 576 730 578 .

35 595 88 652 fuit,
101 597 336 652 denuo'exponantur3
353 599 377 640 at
395 595 449 640 licet
464 596 506 640 hoc
519 595 580 640 forte
595 597 716 652 aliquando
751 616 759 626 .

27 669 116 700 rernm
133 669 183 700 esse
199 656 281 713 possit,
294 669 337 699 non
352 658 429 706 tamen
445 668 543 712 semper,
559 656 612 713 qnia
625 657 715 715 confes·
759 672 761 674 ¹

30 715 92 758 sarii
103 728 147 759 non
157 719 211 762 sunt
221 715 354 769 uniformes,
368 728 408 758 nec
418 728 496 759 omnes
512 727 575 771 aeque
587 715 679 768 solliciti
688 716 716 763 de
762 722 764 724 “

36 774 169 831 poenitentia
176 776 306 831 praesertim
313 774 442 819 medicinali
447 774 590 833 imponendae
601 776 666 819 Unde
675 787 716 833 per

36 848 61 881 se
76 834 187 892 loquendo
199 836 311 892 poenitens
322 836 388 880 dehet
398 838 491 894 peccata
502 836 583 880 saltem
601 835 717 893 praecipua

13 911 15 913 ’
36 895 120 940 iterum
134 896 247 949 confiteri,
263 896 327 945 Quod
337 895 357 941 si
367 896 454 941 rediret
465 896 493 940 ad
508 897 612 940 eumdem
626 897 717 942 confes-
752 930 755 935 .

32 956 131 1010 serium,
158 955 203 1010 hic,
223 956 290 1000 modo
308 956 380 1000 adhuc
400 955 424 1000 in
445 955 537 1000 confuso
557 957 717 1001 recordaretur

1 1044 3 1048 -
37 1018 111 1060 status
132 1015 216 1072 prioris
233 1015 373 1072 poenitentis
387 1026 429 1064 vant
440 1030 491 1060 eum
502 1029 531 1059 ex
543 1017 651 1073 praesenti
662 1031 718 1063 con-

36 1074 303 1132 sessione'intelligeret‚
323 1077 444 1119 secundum
461 1087 539 1119 omnes
557 1075 625 1118 aliam
642 1075 718 1131 poeni-

33 1135 134 1179 tentiam
143 1137 220 1190 posset
229 1133 376 1189 substituere,
387 1136 411 1178 et
421 1134 543 1178 secundnm
552 1134 639 1191 aliquos
648 1134 718 1180 etiam
766 1162 767 1165 =

37 1196 104 1237 extra
111 1193 283 1247 confessionem,
291 1192 343 1250 quia
348 1194 419 1250 judex
426 1197 562 1252 potestatem
568 1195 636 1248 habet
645 1196 718 1252 quoad
727 1229 731 1232 -

35 1252 179 1311 poenitentiae
193 1254 361 1311 impletionem,
373 1266 428 1311 ergo
442 1253 512 1298 etiam
527 1253 589 1298 illins
608 1254 718 1300 mutatio-

36 1327 97 1359 nem.
115 1314 151 1359 lta
161 1314 226 1371 Lugo
236 1313 278 1372 (3),
289 1314 356 1358 Haun
373 1317 396 1357 et
410 1313 457 1357 alii.
471 1315 575 1367 Demum‚
588 1314 631 1358 etsi
648 1316 719 1372 poeni·

2 1408 5 1411 .
37 1374 110 1428 tentia
124 1372 238 1418 ordinarie
252 1372 376 1431 imponitur
390 1375 443 1416 ante
458 1372 632 1428 absolutionem,
644 1375 720 1431 potest

35 1435 113 1486 tamen
123 1432 209 1490 imponi
219 1446 307 1490 quoque
317 1435 369 1490 post
378 1446 437 1485 eam,
445 1434 469 1475 et
480 1433 581 1488 procedit
589 1436 642 1476 tunc
650 1435 719 1479 etiam

34 1506 66 1536 ex
76 1495 189 1550 potestate
203 1493 310 1548 clavium,
323 1492 376 1549 quia
387 1491 498 1549 judicium
508 1492 606 1535 nondum
620 1495 656 1538 est
666 1493 721 1538 fini-

37 1555 95 1607 tum,
108 1553 136 1595 ad
148 1554 207 1607 quod
218 1555 306 1609 spectat
315 1552 396 1608 punire
405 1551 497 1596 delicta.

67 1611 105 1655 20.
118 1612 227 1668 —Resp
240 1610 281 1655 VI.
294 1610 321 1653 In
332 1611 399 1654 dubio
410 1610 438 1653 de
449 1607 572 1653 sufficiente
587 1609 721 1667 poenitentia

36 1669 190 1716 inclinandum
200 1672 223 1714 in
234 1673 323 1728 partem
333 1670 497 1726 benigniorem,
512 1669 566 1725 quia
575 1669 598 1713 in
609 1670 721 1716 caminus

35 1731 148 1789 pericnli;
159 1735 183 1776 et
196 1730 305 1789 sapientis
316 1730 398 1777 ntcdt'oc‘
411 1733 452 1782 ert,
464 1731 539 1786 inquit
548 1729 574 1776 Sss
592 1729 637 1774 rt.
655 1730 680 1775 ic
689 1733 719 1783 4·

37 1791 70 1838 D.
84 1790 121 1835 18,
134 1803 157 1850 q.
170 1790 193 1835 2.
206 1802 228 1837 a.
242 1790 264 1835 l.
275 1803 298 1849 q.
314 1790 337 1834 3.
350 1779 498 1836 alectoros
511 1793 532 1837 ct
542 1789 619 1835 miens
628 1791 722 1847 pericc-

38 1850 94 1897 tosc‘s
107 1849 229 1898 medicinis
243 1850 349 1908 incipere,
362 1853 384 1897 ct
397 1850 429 1896 D.
443 1850 479 1895 19.
497 1863 520 1909 q.
535 1850 558 1894 2.
576 1863 598 1895 a.
616 1851 639 1894 3.
655 1864 677 1909 q.
695 1852 719 1895 2.

34 1910 154 1969 punierim
172 1909 397 1968 procedederent,
418 1913 446 1955 nt
464 1922 533 1968 qnam
551 1909 628 1954 mices
646 1913 722 1967 potest
756 1961 758 1963 v

35 1970 97 2028 ficri,
104 1972 217 2028 precetur
226 1968 438 2023 incontinentem
449 1969 562 2015 columns.
571 1968 641 2012 Juvat
648 1982 722 2025 quen-

37 2033 110 2086 doque
131 2028 274 2085 interrogare
293 2028 454 2085 poenitentem,
476 2042 543 2086 quam
565 2028 722 2085 penitentiam

36 2094 103 2151 putet
113 2102 138 2133 se
146 2088 228 2134 melius
235 2088 329 2149 implere
336 2101 402 2147 posse
410 2101 416 2145 3
425 2088 445 2134 si
453 2092 571 2147 promptus
581 2088 721 2148 inveniatur,

60 2191 85 2237 (n
95 2190 113 2224 s.
126 2189 179 2235 npa
189 2188 207 2225 c.
219 2183 260 2225 soe.
269 2190 313 2226 uun.
325 2165 343 2230 12
355 2189 387 2225 sun
396 2189 427 2225 fin.
436 2189 457 2226 n.
468 2200 485 2225 c.
496 2188 540 2225 uun.
550 2189 568 2224 2.
579 2189 619 2226 sun.
629 2187 662 2227 tn.

60 2238 84 2284 (21
97 2237 146 2273 nn.
156 2247 172 2273 s.
184 2237 214 2273 14.
225 2246 242 2273 e.
251 2235 268 2273 5.
337 2255 341 2285 «Α,
627 2263 641 2277 ‚

61 2284 85 2334 [3]
97 2285 121 2320 De
130 2283 191 2331 punit.
203 2283 249 2331 disp
261 2282 291 2321 25.
301 2293 320 2320 n.
331 2282 364 2366 ἕὶἱ
374 2287 392 2319 et
403 2283 445 2320 112.
511 2286 513 2288 ’

335 2367 340 2405 l
