1577 2464
246 82 305 112 ruas
329 82 363 122 111,
388 81 485 111 aarum
597 118 599 120 ,
661 68 703 112 241

26 172 63 214 tra
73 170 167 225 peccata
174 168 342 213 consuetudinis
351 167 400 225 jam
412 170 463 212 anie
475 168 590 220 confessae,
599 172 620 212 et
633 185 708 213 nurne-
773 182 774 185 ’

26 242 77 271 rum
93 228 221 283 imminuit3
234 230 272 272 scd
288 228 366 282 etium,
377 228 416 282 qui
431 228 506 284 prima
522 228 571 270 vioe
588 233 707 272 consuetu-

27 289 102 331 dinem
114 300 177 332 suam
189 288 308 330 confitetur
318 285 361 344 (1),
374 287 453 343 etjam
462 287 578 342 judicatur
587 289 708 344 prudenter
764 332 766 336 ,

28 361 77 391 esse
89 347 218 404 dispositus,
231 347 324 403 vultque
336 347 411 391 media
427 348 544 404 proposita
558 349 585 392 ad
602 350 696 392 emenda

27 408 112 452 tionem
123 409 197 461 utilia,
210 408 247 451 vel
260 408 387 451 necessaria
404 408 518 451 adhibere.
530 408 599 452 Ratio
610 412 708 464 patalen

27 468 100 512 dictis.
109 469 187 524 Neque
199 481 290 510 necesse
301 471 344 518 esi,
351 467 541 510 ui-Oonfessarius
548 468 643 520 judicet,
652 470 709 522 quod

27 528 138 582 pioenitens
148 538 261 581 nunquam
270 527 301 568 sib
310 525 454 581 relapsurns;
467 526 504 568 vel
512 526 577 579 satis,
588 528 646 582 quod
658 540 709 582 pru-

28 588 107 629 denter
119 585 191 642 possit
207 584 318 641 judicare,
331 586 390 642 quod
401 598 481 629 verum
493 587 593 630 dolorem
605 586 710 643 proposi-

27 644 120 702 tumque
131 646 221 700 habeat,
235 649 258 689 et
273 660 335 702 spem
352 646 421 689 faciat
438 647 602 689 emendationis
616 659 620 690 z
634 647 660 689 in
674 647 710 690 his

27 707 88 749 enirn
99 706 202 749 consistit
213 705 301 748 sincera
312 706 421 762 plenaque
433 707 559 750 conversio.
571 707 635 750 Unde
647 708 678 760 et,
691 706 710 750 si

27 765 78 821 quis
88 765 233 809 medicinales
245 765 390 822 poenitentias
403 780 446 810 non
458 766 575 819 obivisset,
589 780 615 809 eo
627 768 685 822 quod
697 780 711 809 a

28 825 171 870 Confessario
190 825 234 882 ipsi
251 840 364 882 nunquam
382 825 478 870 fuissent
490 826 639 883 praescriptae,
652 841 710 869 nunc

28 889 104 929 autem
120 888 213 941 paratus
229 888 297 939 esset,
317 900 355 929 eas
374 886 457 939 subire,
471 890 494 928 et
511 886 586 929 media
602 887 710 942 praescri-

28 946 101 989 benda
110 946 224 1007 adhibere,
231 958 337 1001 spemque
347 944 434 989 faceret
444 945 711 1000 emendationis,absolvi

45 1007 113 1049 ossei.
175 1010 182 1022 ³

29 1019 43 1062 p
58 1064 149 1120 Regula
164 1064 186 1107 2.
202 1063 312 1119 Neganda
323 1063 520 1108 consuetudinario
536 1055 650 1109 absolutio
661 1066 710 1109 esi:

30 1125 51 1168 l.
65 1124 145 1168 sinon
155 1124 212 1167 velii
224 1124 284 1168 serio
301 1124 436 1176 allaborare,
449 1130 475 1167 ut
493 1124 571 1166 vincat
590 1128 713 1168 consuetu-

29 1184 113 1238 dinem,
131 1183 184 1239 quia
202 1185 295 1238 peccata
315 1185 367 1226 sunt
386 1183 458 1225 adhuc
479 1182 523 1239 ipsi
542 1178 672 1227 volnntaria
689 1183 712 1227 in

30 1256 106 1286 causa.
119 1242 141 1286 2,
155 1242 180 1286 si
189 1242 264 1286 media
275 1238 408 1298 praescripta
425 1242 534 1298 neglexit,
545 1246 568 1287 ei
584 1256 635 1298 quac
646 1242 713 1286 scivit

30 1303 166 1361 neccssaria,
180 1316 224 1345 non
240 1302 344 1346 adhibuit
357 1315 397 1358 pro
416 1301 526 1346 vincenda
542 1302 713 1358 consuetudine,

31 1376 72 1407 noc
86 1363 152 1406 modo
170 1361 235 1417 signa
251 1361 484 1406 datexiraordinaria
498 1362 583 1406 doloris
596 1366 619 1406 et
630 1377 714 1420 propo-

31 1423 83 1476 siii;
96 1423 171 1478 idque,
180 1422 235 1465 licet
244 1422 303 1465 dicat
314 1436 338 1466 se
347 1422 396 1477 jam
405 1426 510 1478 paratum
522 1422 629 1465 adhibere
640 1423 714 1465 media

32 1482 164 1526 difficiliora.
173 1481 242 1525 Ratio
254 1483 297 1537 est,
310 1481 362 1538 qnia
373 1481 437 1525 adesi
445 1482 508 1537 justa
519 1495 587 1525 causa
598 1482 714 1526 dubitandi

32 1543 59 1586 de
74 1542 229 1598 dispositione,
246 1544 269 1585 ei
288 1555 347 1597 saepe
363 1542 421 1584 tales
437 1541 574 1597 promittunt
588 1555 671 1597 magna
687 1556 715 1584 cx

32 1602 114 1645 timore
125 1602 234 1658 negandae
246 1600 403 1655 absolutionis,
414 1601 453 1643 sed
462 1628 463 1632 =
472 1614 497 1645 se
512 1604 535 1646 ei
546 1600 715 1646 Confessarium

33 1660 155 1719 decipiunt.
168 1662 242 1715 Unde,
255 1661 336 1705 saltent
351 1662 380 1705 ad
398 1663 496 1717 tempus,
509 1663 612 1717 neganda
623 1662 715 1707 absolu-

31 1721 73 1776 tio,
86 1724 112 1765 ui
122 1722 194 1765 discat
205 1720 285 1764 melius
297 1721 466 1777 apprehendere
477 1722 602 1765 mediorum
615 1722 716 1766 necessi·
759 1728 761 1732 ’

22 1784 112 1827 tatem.
123 1781 146 1827 3.
157 1782 220 1826 idern
231 1781 358 1825 faciendum
371 1782 399 1825 ob
410 1783 522 1826 rationem
533 1783 618 1836 datam,
631 1782 651 1826 si
665 1787 717 1839 post

32 1841 135 1898 singulas
151 1842 302 1885 confessiones
321 1840 453 1896 frequenter
469 1842 593 1884 deliberate
613 1842 716 1897 relapsus

33 1904 77 1955 esi,
87 1902 154 1946 ducto
160 1901 225 1945 initio
234 1900 320 1954 obun0,
329 1899 431 1944 alterove
440 1900 475 1945 die
483 1904 535 1958 post
543 1900 715 1951 confessionem.

33 1961 127 2018 Excipe,
139 1961 183 2006 nisi
194 1974 253 2005 nunc
263 1961 308 2005 alia
319 1959 394 2004 adsint
404 1960 510 2017 signa'ex
520 1961 644 2017 praedictis.

64 2021 154 2077 Regula
170 2021 192 2065 3,
209 2020 337 2065 Differenda
353 2023 388 2062 esi
405 2020 526 2064 absolutio.
541 2022 561 2064 l.
580 2021 605 2064 Si
624 2020 651 2063 ob
668 2019 718 2062 ire-

34 2081 150 2138 quentiam
161 2081 290 2137 relapsourn
306 2079 461 2125 Confessarius
478 2080 601 2138 prudenter
615 2078 718 2135 judicare

35 2153 79 2184 non
95 2140 167 2198 possib
184 2141 332 2199 poenitentem
351 2151 401 2186 esse
422 2139 467 2186 iile
484 2139 626 2197 dispositum,
640 2138 683 2183 cisi
698 2136 718 2180 is

58 2272 288 2325 (potaminae.
