1577 2464
291 65 351 100 ruas
365 66 392 110 u,
408 64 483 97 curor
504 50 523 99 Π
703 40 759 99 115?

38 197 39 200 Ἴ
64 148 151 203 lectus,
164 164 215 196 cum
230 152 300 196 etiam
317 154 421 197 amentes
436 154 461 196 et
482 151 540 195 ebrii
550 150 668 196 intellectu
678 153 749 196 utan-
783 150 786 152 ’

64 216 103 253 tur
122 222 128 254 ε
149 224 221 268 neque
243 212 370 268 quicunque
387 210 515 265 discursus,
537 210 590 266 quia
609 210 747 256 dormientes

25 309 27 314 .
64 270 198 327 quandoque
214 271 353 326 discurrunt,
372 270 497 328 disputant,
510 269 654 325 concludunt,
670 272 694 313 et
710 272 748 313 ta-

64 341 116 372 men
138 342 203 375 usum
217 330 313 375 rationis
331 343 375 374 non
393 331 477 374 hahent
492 330 628 386 requisitum
646 330 674 372 ad
691 329 749 380 bene

64 388 103 432 rel
114 390 174 435 male
185 390 305 435 moraliter
313 391 434 448 agendum,
443 393 469 435 ut
478 389 580 435 latentur
592 400 682 443 omnes;
695 387 749 446 quia

64 449 128 495 deest
138 451 199 496 firmi
210 451 292 508 Judicii
302 452 404 508 potentia
418 451 445 494 de
456 451 587 495 moralitate
600 463 605 494 :
618 449 759 494 intellectus·-

64 510 134 564 enim,
146 512 225 569 ligatis
236 524 279 567 per,
287 512 387 567 quietem
397 511 499 556 sensibus
509 513 533 555 et
543 509 645 563 cerebro,
657 523 701 553 uon
712 511 748 555 est

64 568 88 612 in
99 572 160 615 statu
171 572 194 613 in
209 583 253 627 quo
264 571 336 627 possit
346 571 474 615 consultare
483 571 507 615 in
517 574 637 626 utramque
647 571 746 624 partem,

64 632 88 672 et
98 628 205 674 insistere
213 630 369 685 satisobjecto
379 629 447 674 alicui
456 629 607 687 dijudicando,
620 632 644 671 et
652 629 747 672 fluctuat

64 687 173 744 nimium,
201 689 277 745 sicque
300 689 382 746 deficit
396 689 492 735 facultas
514 688 620 746 eligendi.
649 687 747 734 Resistit

64 748 153 804 quidem
165 762 268 794 nonraro
279 749 346 794 homo
354 749 518 795 tentationibus
524 749 547 793 in
557 761 656 804 sommo;
665 760 747 793 verum

64 820 91 851 eo
101 809 184 853 sufficit
194 810 342 867 apprehensio
353 810 453 868 excitata
466 823 507 867 per
518 810 635 854 horrorem
647 808 743 864 peccati,

63 867 88 911 in
98 868 179 925 vigilia
192 872 342 927 conceptu-m:
362 873 410 925 aut,
426 870 446 915 si
457 871 517 915 adsit
531 870 664 927 quandoque
684 869 744 912 forte

22 980 24 982 ,
62 929 163 984 cognitio
181 929 311 975 indifferens
329 931 356 975 de
367 931 462 974 honesto
473 932 497 975 et
511 930 639 983 inhonesto,
657 932 693 972 est
703 928 745 973 illa

63 988 130 1031 valde
147 988 255 1044 languida
272 992 296 1033 et
316 988 461 1043 insufficiens,
476 992 503 1033 ut
521 990 644 1032 deliberate
662 1000 745 1043 proce-

63 1046 149 1091 datur:
162 1047 229 1103 unde,
238 1047 293 1092 licet
301 1048 493 1102 talisresistentia
500 1048 609 1092 indicium
620 1047 651 1091 sit
661 1046 744 1091 animae

62 1110 155 1163 peecata
171 1108 241 1152 valde
255 1107 392 1163 aversantis,
406 1112 483 1154 tamen
500 1107 620 1152 meritoria
634 1107 678 1150 non
697 1111 740 1152 est.

57 1166 86 1213 2
101 1167 251 1213 Pueri‘usum
267 1169 362 1213 rationis
379 1169 489 1213 moralem
503 1170 567 1225 prius
586 1168 743 1224 adipiscuntur

62 1226 86 1271 in
106 1228 240 1285 quibusdam
255 1229 330 1285 magis
341 1232 420 1286 aperte
440 1228 542 1283 honestis
556 1229 595 1273 vel
605 1228 740 1282 inhonestis,

49 1291 50 1295 ’
62 1300 130 1344 quam
141 1288 349 1343 inobscuriorihus,
362 1292 386 1334 et
395 1290 468 1345 magis
479 1289 610 1341 reconditis,
626 1288 660 1332 uti
672 1300 745 1345 expe·
757 1329 759 1331 ,

61 1349 146 1393 rientia
165 1349 238 1403 docet,
254 1348 277 1392 id
296 1349 355 1406 quod
373 1349 442 1393 etiam
457 1349 480 1393 in
499 1349 550 1393 aliis
564 1361 652 1405 quoqne
668 1348 743 1393 locum

61 1406 132 1452 habet
144 1420 149 1452 :
162 1408 208 1451 imo
219 1408 310 1462 quidam
322 1408 346 1452 in
356 1423 402 1452 una
414 1408 512 1453 materia
522 1409 620 1452 delirant
631 1420 659 1450 ex
670 1408 743 1450 vehe-

61 1466 133 1511 menti
147 1466 319 1525 imaginatione,
330 1468 376 1527 >vel
394 1467 484 1523 affectu,
501 1479 567 1512 usum
582 1467 677 1512 rationis
694 1466 743 1511 eri-

60 1527 146 1583 piente,
163 1529 221 1569 etin
233 1528 284 1571 aliis
295 1531 348 1572 sunt
360 1529 482 1583 prudentes
496 1540 501 1572 ε
514 1528 547 1572 uti
557 1526 630 1571 refert
642 1526 743 1571 Sanohez

61 1586 89 1629 de
99 1585 196 1643 quodam
206 1586 311 1642 Pastore,
324 1586 362 1645 qui
373 1588 396 1631 in
407 1587 497 1631 caeteris
508 1587 614 1643 prudens,
630 1585 743 1631 delirabat

60 1646 85 1695 in
101 1658 136 1701 eo,
157 1647 216 1703 quod
234 1647 335 1702 timeret,
353 1660 381 1691 ne
401 1650 521 1704 cogeretur
540 1647 590 1690 fieri
608 1646 740 1701 monachus,

60 1705 155 1764 ideoque
165 1705 270 1762 rogabat,
279 1718 320 1764 per
330 1707 507 1765 chirographum
514 1707 581 1752 fidem
592 1706 635 1751 sibi
644 1706 703 1761 fieri,
716 1719 740 1751 se
763 1746 766 1751 .

61 1766 127 1811 adid
143 1766 267 1824 cogendum
281 1780 325 1811 non
341 1768 400 1812 esse.
415 1769 484 1813 Ratio
503 1771 578 1821 autem
598 1767 665 1825 hujus
686 1770 740 1811 est:

59 1827 113 1881 quia
128 1840 170 1883 pro
188 1827 279 1870 diversa
297 1825 416 1872 affectione
438 1831 462 1872 et
477 1828 625 1883 impressione
643 1828 741 1871 diversae

59 1884 230 1942 imaginationis
248 1885 339 1931 diversa
358 1886 433 1932 oritur
448 1887 563 1943 alteratio,
583 1889 606 1930 et
622 1885 741 1943 dispositio

58 1945 164 2004 principii
175 1946 270 1991 sensorii
285 1958 324 1991 seu
342 1948 439 2004 cerebri,
455 1947 547 1993 ethinc
557 1946 649 1991 firmum
665 1948 741 2004 potest

58 2019 108 2051 esse
117 2008 236 2063 iudicium,
246 2010 269 2052 et
279 2005 414 2052 consultatio
424 2009 447 2052 in
455 2021 500 2053 una
509 2008 614 2061 materia,
626 2009 651 2051 et
661 2021 705 2051 non
716 2007 739 2050 in

43 2066 141 2118 altera.
154 2067 177 2111 3.
195 2067 353 2114 verosimilius
363 2069 428 2123 pueri
443 2081 530 2125 quoque
543 2068 669 2124 potentiam
685 2077 739 2111 usus
766 2076 771 2106 t

57 2126 154 2171 rationis
172 2127 273 2172 obtinere
283 2131 377 2185 possunt
391 2128 456 2184 prius
468 2130 500 2172 ad
511 2129 629 2185 peecatum
639 2125 737 2179 veniale,
775 2160 776 2164 ,

57 2198 125 2244 quam
136 2188 165 2231 ad
180 2189 277 2233 mortale
293 2185 440 2233 sufficientem
455 2188 525 2233 :fieri
541 2187 601 2233 enim
616 2188 698 2244 potest,
711 2186 738 2229 ut

56 2260 113 2305 puer
124 2263 190 2305 uuus,
199 2251 276 2309 truoet
281 2248 371 2294 adultus
381 2247 404 2291 iu
414 2251 477 2293 certa
486 2248 575 2293 actione
582 2246 737 2305 apprehendat
