1577 2464
44 49 90 98 282
104 64 106 91 5
128 55 358 101 unu-eounnssnuius
369 63 490 103 <annones
500 62 641 93 rusraucrus

45 153 71 200 te
81 150 173 195 saluarc⁴
182 152 228 193 lam
241 150 279 194 diu
288 149 393 204 volentis,
405 149 447 194 tibi
459 148 601 206 objicientur,
611 151 634 192 et
644 147 668 192 in
676 161 725 191 mo·
737 184 740 187 ,

47 212 182 269 mentopost
194 211 217 254 in
232 211 319 256 inferno
336 211 381 256 eris
403 211 450 255 sine
468 210 512 253 fine
529 207 683 253 cruciandus?
701 207 741 253 Si

7 286 8 289 ¹
48 272 142 316 necdum
162 276 290 327 moveatur,
306 273 378 328 fingat
389 285 413 316 se
424 284 474 315 curn
492 269 646 326 indignatione
664 269 727 313 abire

48 333 167 385 Sacerdos,
181 333 304 387 ultimoque
315 332 374 375 serio
394 335 418 376 et
428 332 510 374 aeriter
522 331 654 372 adhortetur
666 343 725 378 eum,

47 404 71 435 v.
84 405 107 447 g.
117 403 122 434 :
134 390 191 439 Quid
203 393 243 434 nbi
253 392 373 447 persuades
381 389 390 433 2
398 392 497 433 Putasne
509 391 578 432 Deum
591 392 613 431 te
625 389 727 443 egerein

48 450 122 494 coelet
141 454 176 494 An
197 466 239 493 non
256 453 330 506 potest
348 451 431 493 habere
453 450 516 502 alios,
539 449 636 498 Judaeos,
659 447 728 490 etiam

48 511 165 562 Gentiles,
173 511 208 564 qui
224 511 296 551 locum
309 510 364 551 alias
382 510 424 551 tibi
434 513 537 563 paratum
549 511 664 562 occupent,
678 521 728 549 cum

49 570 136 627 majore
147 569 188 613 Dei
199 570 272 622 laude,
282 568 355 624 gloria
367 571 389 612 et
401 569 526 624 gratiarum
541 565 642 611 actione?
654 567 728 610 Stulte

51 635 74 674 et
85 630 200 686 insipiens,
214 630 311 672 lraeccine
322 629 397 672 reddis
416 630 462 672 Deo
481 634 528 682 tuo,
542 629 579 684 qui
599 627 685 671 creavit
696 632 727 680 te,

51 693 74 734 et
89 690 186 733 redemit
205 694 268 731 tanto
285 687 372 743 pretio?
384 690 414 731 Et
425 689 460 731 his
472 689 537 731 dictis
553 690 626 731 alreat.
640 688 729 730 interea

3 747 5 749 ’
50 750 144 806 instiget
163 762 209 801 eos,
222 763 277 804 quos
289 748 430 805 impaenitens
444 748 507 790 novit
517 748 601 804 optime
613 747 655 790 sibi
673 747 730 789 affe-

49 813 105 864 ctos,
128 823 230 861 uxorem,
251 809 349 863 liberos,
371 809 556 864 consanguineos,
577 808 615 864 qui
635 809 729 864 genibus
782 815 783 818 ’

49 869 120 927 ipsius
130 869 229 912 advoluti
237 875 325 925 rogent,
334 869 499 912 utmisereatur
508 869 589 911 animae
599 882 645 911 suae
655 881 659 919 ;
670 882 729 924 saepe

50 931 86 973 hae
98 943 164 972 voees
180 943 246 971 aures
258 929 361 972 obdurati
374 930 502 971 vulnerant.
514 929 612 970 Subinde
625 932 730 971 reverta-

50 991 89 1033 tur
98 989 218 1042 Sacerdos,
226 988 292 1044 ,sique
302 989 373 1034 adhuc
388 988 525 1030 obstinatum
536 987 645 1040 inveniat,
656 987 730 1031 acrius
753 1034 757 1039 ,

51 1062 102 1092 eum
111 1048 268 1104 aggrediatur:
277 1048 331 1096 Quis
341 1048 431 1091 tandem
438 1061 470 1100 es,
478 1052 515 1097 tu,
522 1047 591 1092 miser
602 1046 728 1101 homuncio,

51 1112 77 1152 ut
88 1110 182 1152 resistas
193 1108 281 1151 Divinae
292 1107 419 1151 voluntatil
430 1107 527 1151 Resistis
539 1107 618 1163 pietati
630 1109 652 1149 te
664 1107 731 1150 mise·
768 1130 773 1136 »

51 1168 172 1212 ricorditer
194 1167 322 1222 invitantis,
340 1168 424 1211 incides
444 1167 466 1210 in
484 1182 565 1210 manus
585 1167 728 1211 vindicantis.

51 1229 109 1273 Eece
120 1229 190 1273 instat
201 1233 346 1281 momentum,
357 1242 370 1271 a
382 1242 424 1283 quo
434 1229 515 1283 pendet
526 1227 651 1281 aeternitas,
661 1240 731 1283 eaque

51 1288 139 1342 infelix,
148 1290 167 1331 si
178 1302 260 1343 pergas
270 1290 379 1332 molestus
387 1301 436 1330 esse
447 1289 493 1330 Deo
503 1291 549 1330 tuo.
560 1287 645 1330 Nolens
653 1287 731 1330 volens

51 1361 105 1390 mox
115 1348 205 1390 deseres
221 1347 295 1389 omnia
315 1351 337 1388 et
357 1347 383 1388 ab
394 1346 496 1388 omnibus
513 1346 631 1388 desereris.
642 1346 731 1388 Poterit

51 1407 120 1451 etiam
132 1420 183 1450 eum
194 1407 342 1460 adstantibus,
363 1406 425 1448 immi
440 1406 581 1462 provolutus,
595 1405 731 1449 Crucifixum

51 1481 120 1511 manu
139 1471 226 1513 tenens.
239 1467 298 1510 hune
308 1467 338 1509 in'
348 1476 468 1522 conspectu
480 1465 609 1521 poenitentis
621 1465 653 1509 ita
673 1465 731 1509 alle-

52 1528 107 1584 qui:
122 1528 174 1572 Non
187 1528 255 1581 sinas,
272 1527 376 1582 Domine,
393 1526 468 1582 perire
487 1526 583 1569 animam
604 1527 669 1580 hano,
682 1539 731 1583 quae
766 1579 770 1582 ,

52 1590 116 1631 tanto
135 1587 177 1631 tibi
194 1588 268 1644 pretio
280 1588 352 1641 stetit,
366 1600 406 1642 pro
418 1600 461 1641 qua
471 1586 531 1629 cruci
551 1586 621 1641 afligi,
635 1586 699 1630 illudi
718 1601 732 1630 a

53 1647 146 1701 ludaeis,
157 1662 171 1690 a
180 1648 249 1690 Patre
261 1646 343 1699 deseri,
356 1648 379 1690 et
389 1646 447 1688 mori
456 1646 555 1699 voluisti,
569 1650 611 1689 etc.
626 1647 732 1689 Proderit

49 1707 121 1751 ,etiam
134 1709 231 1751 humana
242 1708 329 1751 motiva
340 1718 480 1762 proponere:
494 1719 519 1750 n,
529 1720 564 1762 gm
576 1719 581 1750 ι
593 1707 658 1758 Ecce,
669 1707 687 1748 si
699 1706 732 1750 ita

54 1767 167 1819 moriaris,
175 1769 274 1821 patietur
283 1771 323 1809 tua
330 1770 354 1808 et
363 1770 452 1807 tuorum
463 1767 604 1808 famacoram
612 1767 714 1808 omnibus
725 1779 729 1808 :

54 1826 146 1881 sepeliri
157 1826 246 1869 debebis
258 1839 301 1868 nou
317 1825 341 1867 in
353 1825 489 1879 coemeterio,
502 1827 540 1868 sed
551 1826 578 1868 ad
594 1839 669 1881 sepem
681 1838 731 1868 cum

53 1885 140 1930 bestiis.
153 1886 177 1930 Si
188 1885 223 1930 his
232 1900 277 1929 non
285 1886 355 1929 cedat
365 1885 446 1940 vietus,
458 1885 552 1929 remotis
566 1885 616 1928 aliis
631 1886 737 1928 interro⁴⁴

53 1950 93 2002 get
104 1947 214 2006 Sacerdos
226 1959 230 1988 z
240 1947 275 1989 An
284 1946 343 1997 forte
352 1946 418 1989 times
429 1945 545 1989 confiteri?
553 1947 626 1988 Homo
638 1960 695 1998 sum,
709 1949 733 1990 ee

53 2010 167 2063 peccator,
176 2019 244 2061 egens
262 2006 416 2049 misericordia
430 2007 488 2059 DEI,
502 2007 560 2049 sicut
578 2009 615 2060 tu3
629 2020 672 2048 non
682 2006 733 2048 exi-

53 2067 122 2111 stima
138 2068 216 2109 deesse
231 2066 295 2119 alios,
308 2065 345 2121 qui
360 2066 396 2110 diu
414 2065 590 2123 ingratissimis
611 2066 733 2110 sceleribus

53 2126 171 2184 vixerunt,
179 2125 282 2169 etlevem
291 2126 467 2180 erubescentiam
477 2125 593 2179 vincendo,
606 2125 733 2168 misericor·

40 2193 42 2196 ⁴
54 2186 114 2232 diam
125 2186 240 2231 consecuti
251 2189 327 2230 sancte
335 2187 418 2243 partim
429 2187 511 2231 vivunt
521 2186 544 2228 in
555 2185 632 2240 terris,
649 2185 733 2242 partim

54 2247 120 2308 modo
131 2247 232 2306 gandent
240 2246 342 2308 incaelis.
355 2247 466 2300 Confitere
477 2247 543 2292 homo
550 2245 635 2290 homini
645 2246 732 2306 fragili,
745 2275 746 2278 η
