1577 2464
54 128 100 174 220
138 142 370 181 nno-couunssnruus
381 143 496 175 rnncrrcu
512 124 651 175 insenuerus

83 228 106 274 7.
125 230 208 276 Peccat
221 229 291 288 lanio,
304 231 324 277 si
341 246 420 276 carnes
429 231 463 276 ita
472 232 543 283 senet,
557 232 582 274 nt
592 229 671 275 amieis
688 230 735 276 suis

54 291 92 335 det
105 290 220 348 meliores,
235 292 286 337 aliis
300 295 376 337 autem
388 292 480 337 viliores
494 292 571 335 eodem
583 292 669 347 pretio,
680 292 733 349 quia

54 353 146 395 tenetur
156 365 200 395 non
210 366 308 408 gravare
319 367 396 405 unum,
408 356 432 396 ut
444 353 521 396 faveat
532 351 609 395 alteri.

78 409 107 453 28.
123 410 208 456 Peccat
223 413 306 466 sartor,
317 411 336 455 si
348 414 408 455 emat
423 424 463 468 pro
475 412 527 465 ulio,
540 423 563 455 v.
580 422 615 466 gr.
631 423 733 466 vpeninum

54 470 129 527 pretio
140 472 230 528 majori,
243 486 293 515 curn
303 476 379 527 posset
390 471 484 528 minori,
496 471 549 529 quia
560 485 603 515 non
620 470 669 527 agit
677 470 735 514 fide-

53 530 108 583 liter
115 544 165 576 rem
174 532 344 585 committentis,
353 531 373 575 si
380 531 479 575 retineat
488 534 564 587 partes
575 531 676 574 residuas
686 532 734 574 sine

54 591 172 636 voluntate
193 591 285 645 donnini,
307 594 342 644 ut,
361 590 380 634 si
400 591 446 635 sint
466 591 562 648 alicujus
583 591 693 634 momenti
713 592 736 634 et

55 651 127 695 adhuc
136 651 186 695 usui
195 651 319 707 profuturae
327 651 435 705 dominis;
446 651 489 696 nisi
498 652 634 696 consuetudo
642 651 733 706 habeat,
777 679 778 682 =

54 713 80 754 ut
91 711 178 754 soleant
188 710 234 753 illis
245 710 350 767 relinqui,
363 724 390 753 eo
401 711 459 766 quod
468 711 518 754 ideo
529 712 603 755 minus
614 711 733 768 accipiant.

54 770 117 817 Quod
138 769 157 812 si
170 772 308 813 mercatores
319 769 404 825 aliquid
421 770 467 812 illis
482 771 602 815 remittunt
613 771 640 813 de
651 770 733 826 pretio,

13 830 16 836 '
54 843 80 873 eo
91 830 149 886 quod
158 829 241 885 saepius
251 830 309 886 apud
320 829 380 886 ipsos
391 831 476 884 emant,
485 831 580 887 possunt
589 828 612 873 id
623 829 734 886 retinere,

54 892 120 935 modo
137 890 251 947 utrimque
269 890 367 934 fideliter
381 891 472 947 agutur,
484 904 604 946 eruensque
623 905 666 934 non
686 889 736 934 ideo

54 950 146 1006 segnius
157 954 279 1004 mercetur,
295 954 319 994 et
333 964 387 994 vere
403 950 507 994 remittat
525 951 569 1005 ipsi
584 955 698 995 mercator
709 953 736 994 de

54 1011 137 1066 pretio,
147 1011 205 1064 quod
217 1011 244 1053 ab
254 1009 313 1064 aliis,
325 1010 362 1053 vel
373 1024 386 1053 a
397 1010 486 1054 domino
498 1010 611 1053 obtineret
623 1009 655 1068 (l)
670 1023 674 1053 :
688 1011 737 1054 baec

55 1069 116 1112 enim
131 1069 150 1112 si
165 1083 207 1111 non
222 1069 304 1122 adsint,
318 1073 394 1125 peceat
405 1070 523 1120 retinendo
540 1082 657 1112 excessum
668 1070 735 1126 pretii

55 1128 98 1172 sibi
114 1128 194 1173 traditi
206 1130 233 1171 ad
245 1131 375 1183 emendum,
389 1128 422 1171 uti
433 1131 456 1171 et
467 1128 487 1171 si
498 1126 609 1171 retineret
618 1128 677 1183 ideo,
685 1130 738 1184 quia

53 1188 102 1245 ipse
113 1187 202 1233 facilior
213 1192 248 1238 est
259 1188 281 1231 in
291 1189 419 1232 mercando.
432 1188 501 1233 Ratio
512 1190 554 1241 est,
565 1188 667 1244 quiahoc
678 1189 735 1245 ipso,

55 1249 113 1305 quod
125 1247 175 1305 quis
184 1249 279 1292 alterius
290 1249 405 1306 negotium
415 1247 531 1306 suscipiat,
540 1251 631 1293 tenetur
642 1249 683 1292 hoc
694 1249 737 1293 uti·

54 1309 108 1352 liter
127 1322 204 1365 agere,
217 1310 317 1366 perinde,
331 1323 356 1352 ac
375 1322 452 1362 suum3
464 1322 532 1364 seque
553 1308 638 1366 obligat
649 1310 677 1353 ad
688 1307 737 1366 ejus

53 1369 171 1414 commoda
189 1370 338 1424 procuranda,
351 1383 423 1425 neque
443 1369 510 1414 aliter
528 1368 563 1411 illi
582 1381 619 1412 res
636 1370 735 1426 gerenda

53 1430 212 1474 committitur.
228 1429 276 1476 Nec
292 1433 368 1488 potest
385 1443 476 1486 operam
492 1441 555 1472 suam
572 1428 657 1473 occulte
673 1443 736 1473 com-

53 1502 157 1545 pensare,
167 1502 234 1543 quam
247 1491 340 1531 emendo
356 1489 478 1545 impendit3
489 1488 543 1543 quia
559 1489 614 1531 satis
628 1502 736 1544 compen-

54 1551 125 1602 satur,
138 1548 195 1602 quod
206 1547 250 1602 ipsi
268 1561 315 1602 pree
326 1547 378 1591 aliis
394 1547 466 1590 vestis
480 1546 617 1590 conficienda
632 1548 736 1592 commit·

53 1610 124 1662 tatur,
139 1610 162 1651 et
176 1620 244 1663 opera
265 1606 378 1655 communi
397 1606 472 1664 pretio
492 1606 603 1652 solvetur.
615 1606 681 1662 Dein,
697 1607 736 1663 qui

54 1668 169 1724 negotium
191 1668 285 1712 alterius
303 1666 407 1724 suscipit,
430 1665 486 1709 nihil
506 1667 611 1724 petendo,
632 1670 737 1711 censetur

55 1731 165 1784 praestare
176 1728 249 1784 gratis
261 1741 353 1785 operam
365 1740 437 1772 suam.

83 1788 106 1831 9.
126 1786 202 1832 Pistor
220 1790 306 1844 peccat,
317 1801 357 1845 per
374 1800 397 1830 se
413 1786 531 1843 loquendo,
544 1786 564 1831 si
578 1800 647 1843 panes
665 1786 735 1832 faciat

78 1973 101 2020 (1)
111 1984 123 2006 «
132 1974 187 2008 caute
197 1973 284 2018 igitur...
296 1973 432 2017 permittendum
442 1978 468 2008 est
477 1974 575 2008 sartoribus
585 1973 684 2008 ementibus
691 1961 742 2018 pen-l

55 2030 86 2056 nos
95 2030 128 2066 pro
135 2018 184 2063 aliis,
197 2019 273 2054 retinere
283 2019 351 2065 aliquid
362 2019 383 2054 de
393 2020 459 2065 pretio3
470 2029 510 2055 narn
525 2019 620 2065 aliquando
630 2026 737 2055 mercatores

54 2077 116 2103 revere
123 2066 183 2113 potius
194 2065 278 2102 simulant
287 2067 331 2111 ipsis
339 2066 411 2111 donare,
421 2077 474 2112 quum
482 2067 555 2110 donent,
565 2067 590 2101 itu
600 2072 619 2102 ut
628 2068 643 2103 si
653 2068 736 2103 dominus

53 2115 92 2158 ipse
102 2115 166 2157 adiret,
174 2122 206 2158 pro
216 2113 277 2147 eodem
289 2113 346 2157 pretio
355 2123 391 2148 reni
402 2114 495 2149 obtineret.
507 2114 592 2149 Generum
602 2114 617 2149 si
625 2120 683 2149 sartor
692 2114 736 2150 side·

53 2161 95 2196 liter
103 2161 195 2207 negotium
203 2159 270 2195 domini
280 2165 335 2204 gerat,
346 2165 362 2195 ct
370 2166 456 2197 nicrcator
465 2161 481 2196 ci
489 2160 557 2205 aliquid
565 2160 619 2196 donet
625 2170 666 2196 uere
674 2161 736 2206 grain,

54 2210 96 2253 quie
110 2218 160 2243 suain
172 2206 261 2242 officinam
270 2206 307 2242 ‘illc
322 2206 427 2253 frequentet,
438 2207 465 2244 vel
480 2212 500 2242 ut
516 2217 556 2242 euni
572 2206 639 2242 alliciat
650 2207 671 2242 ad
686 2218 736 2243 suurn

54 2255 141 2290 cilicinam
149 2253 304 2299 frequentandam,
311 2253 359 2290 licite
367 2261 423 2291 sertor
431 2260 490 2300 posset
498 2254 575 2290 retinere
583 2253 674 2299 donatum,
684 2254 736 2290 modo

56 2303 140 2337 uici-ulem
150 2300 260 2345 diligentiam
272 2300 373 2335 adhibuerit
383 2302 406 2337 ad
415 2301 509 2338 emendum
519 2300 542 2337 ab
553 2300 594 2339 aliis
609 2301 736 2338 mercatoribus

53 2349 110 2392 pretio
118 2348 189 2383 minori.
201 2359 212 2382 i>
222 2347 239 2384 S.
250 2346 303 2392 Alpn.
314 2347 331 2391 d,
339 2346 380 2382 826.
