1567 2412
187 240 188 243 Ἴ
220 155 498 229 PROEMIUM

303 343 412 355 —--

24 537 27 541 ·
54 510 140 566 Quum
151 512 219 558 teste
233 509 259 558 S.
274 506 399 573 Gregorio
418 512 444 558 ct
458 507 517 575 ipsa
537 505 702 580 experientia,

21 588 63 623 ars
84 574 181 623 ortium
197 573 232 623 sit.
248 574 368 640 regimen
385 573 543 635 animorum,
554 579 633 639 utque
654 588 702 623 nn-
773 609 777 612 ,

21 639 114 706 primis
125 639 237 690 arduum
245 656 342 690 munus
354 640 516 701 confessarii,
525 643 616 706 utpote
627 639 701 697 cu'us
766 645 769 653 '

22 711 163 758 estcurure
177 705 364 757 rectitudinem
377 705 470 774 judicii
492 709 657 757 sacramento
668 705 701 768 is,

22 773 181 840 prenitentes
195 773 299 839 juvare,
320 773 434 825 discrete
451 788 568 834 monere,
585 771 703 823 satisfac-

21 840 122 890 tionem
139 840 341 891 convenieutem
351 840 496 907 imponere,
510 838 628 891 remedie
641 853 703 890 con-

21 906 204 971 trerelopsum
212 906 393 971 praesorihere,
403 906 544 973 dispositos
554 905 702 967 absolvere,

21 970 186 1038 indispositis
198 972 391 1023 absolutionem
402 970 508 1024 differre
521 976 566 1023 eut
585 983 700 1036 negare:

23 1052 72 1103 ego
85 1043 174 1104 eutem
184 1052 218 1088 ex
226 1037 401 1105 synodalipro
413 1036 577 1105 excipiendis
585 1036 703 1088 fidelium
743 1066 746 1069 <

23 1102 233 1154 confessionibus
245 1103 474 1170 approbandorum
492 1102 615 1154 examine
635 1118 704 1154 com-

23 1175 128 1238 pertum
136 1169 273 1231 haberem,
282 1170 456 1238 confessarios
463 1170 582 1236 juniores
599 1169 704 1236 potissi-

23 1251 97 1287 mum
108 1236 136 1286 in
150 1235 226 1303 praxi
246 1235 375 1303 modoque
394 1236 525 1287 tractandi
544 1235 704 1304 prenitentes

24 1303 146 1365 deficere,
161 1303 279 1354 animum
292 1304 375 1354 subiit
386 1303 547 1355 desiderium
556 1319 600 1355 eos
617 1302 705 1355 suble-

24 1368 120 1430 vandi,
143 1369 363 1435 existimavique,
384 1369 477 1421 utilem
504 1385 546 1421 me
571 1370 704 1421 facturum
770 1422 772 1424 ,

24 1450 140 1503 operam,
155 1434 178 1486 si
191 1449 237 1501 pro
251 1435 357 1488 modulo
368 1450 426 1487 meo
438 1449 461 1487 s.
475 1434 615 1503 theologice
631 1434 704 1487 audi·
748 1441 761 1502 j
778 1461 781 1470 ι

20 1502 126 1552 'toribus
136 1501 291 1553 methodum
298 1502 404 1569 publice
415 1517 588 1569 proponerem
596 1516 706 1554 munere

24 1567 69 1618 iilo
81 1582 154 1618 suero
165 1573 237 1620 recte
246 1568 385 1636 fungendi,
395 1569 469 1629 Quod
476 1571 560 1636 quum
571 1568 704 1632 fecissem,

25 1635 193 1700 expetierunt
202 1634 336 1702 discipuli,
346 1641 377 1685 ut
388 1649 447 1701 quae
458 1636 493 1686 ad
508 1636 640 1686 calumum
652 1635 706 1687 dic·

25 1706 154 1762 teneram,
165 1705 230 1768 typo
242 1701 379 1764 darentur3
393 1701 420 1752 id
434 1717 518 1770 quum
529 1716 706 1765 recusassem,
775 1704 776 1708 ’

25 1783 79 1819 non
96 1767 206 1833 ignarus
228 1768 318 1834 plures
338 1768 439 1819 utiliter
459 1768 605 1820 haedere
625 1769 707 1835 scrip·

26 1834 104 1895 sisse,
117 1837 229 1901 esseque
241 1833 384 1885 hodiedum
400 1833 481 1888 libros
500 1834 645 1903 permultos
662 1851 708 1903 po·

26 1916 86 1951 rum
96 1901 185 1961 utiles,
194 1900 437 1966 quorumnoiebom
446 1917 545 1968 augere
553 1916 705 1960 numerum,

26 1966 181 2018 institerunt
201 1967 263 2033 ipsi,
278 1973 424 2029 suaserunt
440 1973 466 2020 et
484 1967 542 2030 ulii,
561 1967 658 2034 quibus
677 1972 709 2018 ut
777 2002 779 2009 x

27 2031 200 2100 gratificarer,
211 2032 319 2085 tandem
328 2034 419 2085 annui.
432 2036 528 2085 Utrum
538 2049 635 2101 magno
647 2048 708 2084 cum

27 2098 176 2151 animorum
194 2098 283 2153 fructu
307 2103 441 2153 eteorum
468 2101 575 2162 solutio,
593 2100 708 2165 experiri

27 2164 97 2218 lieet.
111 2165 274 2234 Opuscqum
287 2165 376 2219 divido
392 2167 421 2219 in
438 2171 493 2221 tres
510 2173 608 2237 partes.
620 2165 709 2220 Primo
