<?xml version="1.0" encoding="UTF-8"?>
<!DOCTYPE html PUBLIC "-//W3C//DTD XHTML 1.0 Transitional//EN"
    "http://www.w3.org/TR/xhtml1/DTD/xhtml1-transitional.dtd">
<html xmlns="http://www.w3.org/1999/xhtml" xml:lang="en" lang="en">
 <head>
  <title>
</title>
<meta http-equiv="Content-Type" content="text/html;charset=utf-8" />
  <meta name='ocr-system' content='tesseract 3.04.00' />
  <meta name='ocr-capabilities' content='ocr_page ocr_carea ocr_par ocr_line ocrx_word'/>
</head>
<body>
  <div class='ocr_page' id='page_1' title='image "MN5128ucmf_0_0313.png"; bbox 0 0 1577 2464; ppageno 0'>
   <div class='ocr_carea' id='block_1_1' title="bbox 265 24 726 98">
    <p class='ocr_par' dir='ltr' id='par_1_1' title="bbox 265 24 726 98">
     <span class='ocr_line' id='line_1_1' title="bbox 265 24 726 98; baseline 0.004 -30"><span class='ocrx_word' id='word_1_1' title='bbox 265 24 324 70; x_wconf 70' lang='lat' dir='ltr'>inas</span> <span class='ocrx_word' id='word_1_2' title='bbox 339 37 373 80; x_wconf 87' lang='grc'><em>444,</em></span> <span class='ocrx_word' id='word_1_3' title='bbox 397 36 511 98; x_wconf 80' lang='lat' dir='ltr'>onruav</span> <span class='ocrx_word' id='word_1_4' title='bbox 584 60 586 62; x_wconf 15' lang='lat' dir='ltr'>a</span> <span class='ocrx_word' id='word_1_5' title='bbox 680 26 726 71; x_wconf 82' lang='lat'><em>283</em></span> 
     </span>
    </p>
   </div>
   <div class='ocr_carea' id='block_1_2' title="bbox 24 95 780 842">
    <p class='ocr_par' dir='ltr' id='par_1_2' title="bbox 24 95 787 842">
     <span class='ocr_line' id='line_1_2' title="bbox 34 95 726 183; baseline -0.001 -10"><span class='ocrx_word' id='word_1_6' title='bbox 34 126 124 173; x_wconf 68' lang='lat' dir='ltr'>&#39;sicutt</span> <span class='ocrx_word' id='word_1_7' title='bbox 125 118 148 171; x_wconf 89' lang='lat' dir='ltr'><em>u.</em></span> <span class='ocrx_word' id='word_1_8' title='bbox 114 125 190 176; x_wconf 90' lang='lat' dir='ltr'>tSi</span> <span class='ocrx_word' id='word_1_9' title='bbox 205 125 240 171; x_wconf 87' lang='lat' dir='ltr'><em>vis</em></span> <span class='ocrx_word' id='word_1_10' title='bbox 250 125 390 170; x_wconf 77' lang='lat' dir='ltr'>inconfessus</span> <span class='ocrx_word' id='word_1_11' title='bbox 401 95 482 179; x_wconf 75' lang='lat' dir='ltr'>latere,</span> <span class='ocrx_word' id='word_1_12' title='bbox 494 128 545 181; x_wconf 92' lang='lat' dir='ltr'>post</span> <span class='ocrx_word' id='word_1_13' title='bbox 556 131 661 183; x_wconf 86' lang='lat' dir='ltr'>mortem,</span> <span class='ocrx_word' id='word_1_14' title='bbox 672 143 726 173; x_wconf 89' lang='lat' dir='ltr'>coa-</span> 
     </span>
     <span class='ocr_line' id='line_1_3' title="bbox 46 159 780 245; baseline 0.001 -14.034"><span class='ocrx_word' id='word_1_15' title='bbox 46 191 95 232; x_wconf 91' lang='lat' dir='ltr'>ctus</span> <span class='ocrx_word' id='word_1_16' title='bbox 116 186 227 242; x_wconf 78' lang='lat' dir='ltr'>confiteri,</span> <span class='ocrx_word' id='word_1_17' title='bbox 240 186 391 231; x_wconf 81' lang='lat' dir='ltr'>damnaberis</span> <span class='ocrx_word' id='word_1_18' title='bbox 412 159 575 241; x_wconf 75' lang='grc' dir='ltr'><em>Α444444444444</em></span> <span class='ocrx_word' id='word_1_19' title='bbox 595 191 654 231; x_wconf 85' lang='lat' dir='ltr'>sunt.</span> <span class='ocrx_word' id='word_1_20' title='bbox 650 203 725 245; x_wconf 81' lang='lat' dir='ltr'>quae</span> <span class='ocrx_word' id='word_1_21' title='bbox 778 232 780 235; x_wconf 74' lang='grc'><em>,</em></span> 
     </span>
     <span class='ocr_line' id='line_1_4' title="bbox 46 236 727 292; baseline 0.001 -1"><span class='ocrx_word' id='word_1_22' title='bbox 46 247 160 292; x_wconf 86' lang='lat' dir='ltr'>erubescis</span> <span class='ocrx_word' id='word_1_23' title='bbox 182 246 284 291; x_wconf 65' lang='lat' dir='ltr'>edicere?</span> <span class='ocrx_word' id='word_1_24' title='bbox 303 247 345 290; x_wconf 87' lang='lat' dir='ltr'><em>An</em></span> <span class='ocrx_word' id='word_1_25' title='bbox 358 244 416 289; x_wconf 72' lang='lat' dir='ltr'>hoe?</span> <span class='ocrx_word' id='word_1_26' title='bbox 435 245 472 289; x_wconf 85' lang='lat' dir='ltr'><em>An</em></span> <span class='ocrx_word' id='word_1_27' title='bbox 492 244 564 289; x_wconf 70' lang='lat' dir='ltr'>illud?</span> <span class='ocrx_word' id='word_1_28' title='bbox 587 236 670 291; x_wconf 83' lang='lat' dir='ltr'>Saltem</span> <span class='ocrx_word' id='word_1_29' title='bbox 685 250 727 292; x_wconf 86' lang='lat' dir='ltr'><em>dic</em></span> 
     </span>
     <span class='ocr_line' id='line_1_5' title="bbox 46 302 728 363; baseline 0.001 -13"><span class='ocrx_word' id='word_1_30' title='bbox 46 308 107 351; x_wconf 83' lang='lat' dir='ltr'>levia</span> <span class='ocrx_word' id='word_1_31' title='bbox 118 308 202 363; x_wconf 84' lang='lat' dir='ltr'>aliqua,</span> <span class='ocrx_word' id='word_1_32' title='bbox 213 310 256 351; x_wconf 89' lang='lat' dir='ltr'>etc.</span> <span class='ocrx_word' id='word_1_33' title='bbox 268 306 306 350; x_wconf 89' lang='lat' dir='ltr'>Sic</span> <span class='ocrx_word' id='word_1_34' title='bbox 317 306 356 348; x_wconf 77' lang='lat' dir='ltr'>aia</span> <span class='ocrx_word' id='word_1_35' title='bbox 367 307 478 348; x_wconf 74' lang='lat' dir='ltr'>sternitur</span> <span class='ocrx_word' id='word_1_36' title='bbox 489 307 516 348; x_wconf 83' lang='lat' dir='ltr'><em>ad</em></span> <span class='ocrx_word' id='word_1_37' title='bbox 528 306 622 347; x_wconf 89' lang='lat' dir='ltr'>dicenda</span> <span class='ocrx_word' id='word_1_38' title='bbox 638 308 690 349; x_wconf 89' lang='lat' dir='ltr'>alia.</span> <span class='ocrx_word' id='word_1_39' title='bbox 702 302 728 351; x_wconf 88' lang='lat' dir='ltr'><em>Si</em></span> 
     </span>
     <span class='ocr_line' id='line_1_6' title="bbox 47 364 728 422; baseline 0.003 -13"><span class='ocrx_word' id='word_1_40' title='bbox 47 367 79 410; x_wconf 89' lang='lat' dir='ltr'>nil</span> <span class='ocrx_word' id='word_1_41' title='bbox 92 365 241 422; x_wconf 70' lang='lat' dir='ltr'>impetretur,</span> <span class='ocrx_word' id='word_1_42' title='bbox 261 367 334 409; x_wconf 88' lang='lat' dir='ltr'>morte</span> <span class='ocrx_word' id='word_1_43' title='bbox 345 365 445 412; x_wconf 84' lang='lat' dir='ltr'>instante</span> <span class='ocrx_word' id='word_1_44' title='bbox 462 364 568 409; x_wconf 87' lang='lat' dir='ltr'>dicatur:</span> <span class='ocrx_word' id='word_1_45' title='bbox 582 365 728 421; x_wconf 77' lang='lat' dir='ltr'>Migrandum</span> 
     </span>
     <span class='ocr_line' id='line_1_7' title="bbox 47 424 726 483; baseline -0.001 -14"><span class='ocrx_word' id='word_1_46' title='bbox 47 429 82 471; x_wconf 85' lang='lat' dir='ltr'><em>est</em></span> <span class='ocrx_word' id='word_1_47' title='bbox 94 438 100 470; x_wconf 89' lang='lat'><strong>:</strong></span> <span class='ocrx_word' id='word_1_48' title='bbox 113 427 180 483; x_wconf 80' lang='lat' dir='ltr'>elige,</span> <span class='ocrx_word' id='word_1_49' title='bbox 193 427 251 482; x_wconf 88' lang='lat' dir='ltr'>quod</span> <span class='ocrx_word' id='word_1_50' title='bbox 263 425 310 479; x_wconf 78' lang='lat' dir='ltr'>vis3</span> <span class='ocrx_word' id='word_1_51' title='bbox 323 428 362 469; x_wconf 86' lang='lat' dir='ltr'>aut</span> <span class='ocrx_word' id='word_1_52' title='bbox 371 425 482 481; x_wconf 85' lang='lat' dir='ltr'>poenitere</span> <span class='ocrx_word' id='word_1_53' title='bbox 491 425 528 467; x_wconf 92' lang='lat' dir='ltr'><em>hic</em></span> <span class='ocrx_word' id='word_1_54' title='bbox 539 424 567 467; x_wconf 88' lang='lat' dir='ltr'><em>ad</em></span> <span class='ocrx_word' id='word_1_55' title='bbox 579 426 726 478; x_wconf 76' lang='lat' dir='ltr'>momentum</span> 
     </span>
     <span class='ocr_line' id='line_1_8' title="bbox 47 483 729 540; baseline 0.001 -13"><span class='ocrx_word' id='word_1_56' title='bbox 47 489 87 529; x_wconf 87' lang='lat' dir='ltr'><em>eut</em></span> <span class='ocrx_word' id='word_1_57' title='bbox 98 491 208 530; x_wconf 70' lang='lat' dir='ltr'>oeternum</span> <span class='ocrx_word' id='word_1_58' title='bbox 220 485 308 528; x_wconf 87' lang='lat' dir='ltr'>ardere.</span> <span class='ocrx_word' id='word_1_59' title='bbox 320 485 344 528; x_wconf 91' lang='lat' dir='ltr'><em>Si</em></span> <span class='ocrx_word' id='word_1_60' title='bbox 356 484 417 527; x_wconf 86' lang='lat' dir='ltr'>omni</span> <span class='ocrx_word' id='word_1_61' title='bbox 428 484 498 527; x_wconf 82' lang='lat' dir='ltr'>anihil</span> <span class='ocrx_word' id='word_1_62' title='bbox 510 483 636 540; x_wconf 84' lang='lat' dir='ltr'>proficiant,</span> <span class='ocrx_word' id='word_1_63' title='bbox 649 484 729 540; x_wconf 86' lang='lat' dir='ltr'>putant</span> 
     </span>
     <span class='ocr_line' id='line_1_9' title="bbox 47 544 729 602; baseline 0.001 -14"><span class='ocrx_word' id='word_1_64' title='bbox 47 546 137 602; x_wconf 89' lang='lat' dir='ltr'>quidem</span> <span class='ocrx_word' id='word_1_65' title='bbox 147 544 216 602; x_wconf 82' lang='lat' dir='ltr'>aliqui</span> <span class='ocrx_word' id='word_1_66' title='bbox 228 545 255 588; x_wconf 88' lang='lat' dir='ltr'><em>ad</em></span> <span class='ocrx_word' id='word_1_67' title='bbox 264 547 376 589; x_wconf 89' lang='lat' dir='ltr'>terrorem</span> <span class='ocrx_word' id='word_1_68' title='bbox 386 544 481 588; x_wconf 87' lang='lat' dir='ltr'>aliorum</span> <span class='ocrx_word' id='word_1_69' title='bbox 493 544 623 588; x_wconf 88' lang='lat' dir='ltr'>dicendum:</span> <span class='ocrx_word' id='word_1_70' title='bbox 632 545 656 589; x_wconf 87' lang='lat' dir='ltr'><em>Si</em></span> <span class='ocrx_word' id='word_1_71' title='bbox 668 545 729 589; x_wconf 89' lang='lat' dir='ltr'>aliud</span> 
     </span>
     <span class='ocr_line' id='line_1_10' title="bbox 47 605 730 662; baseline 0.001 -13"><span class='ocrx_word' id='word_1_72' title='bbox 47 621 91 661; x_wconf 90' lang='lat' dir='ltr'><em>non</em></span> <span class='ocrx_word' id='word_1_73' title='bbox 102 607 147 660; x_wconf 80' lang='lat' dir='ltr'>vis,</span> <span class='ocrx_word' id='word_1_74' title='bbox 155 607 200 661; x_wconf 84' lang='grc'><em>4444,</em></span> <span class='ocrx_word' id='word_1_75' title='bbox 211 605 340 659; x_wconf 79' lang='lat' dir='ltr'>maledicte,</span> <span class='ocrx_word' id='word_1_76' title='bbox 349 606 372 648; x_wconf 92' lang='lat' dir='ltr'>in</span> <span class='ocrx_word' id='word_1_77' title='bbox 383 606 459 662; x_wconf 81' lang='lat' dir='ltr'>ignem</span> <span class='ocrx_word' id='word_1_78' title='bbox 471 608 581 649; x_wconf 80' lang='lat' dir='ltr'>oeternum</span> <span class='ocrx_word' id='word_1_79' title='bbox 590 618 596 660; x_wconf 86' lang='lat'>;</span> <span class='ocrx_word' id='word_1_80' title='bbox 604 608 627 649; x_wconf 87' lang='grc'><em>44</em></span> <span class='ocrx_word' id='word_1_81' title='bbox 638 606 730 650; x_wconf 89' lang='lat' dir='ltr'>consul-</span> 
     </span>
     <span class='ocr_line' id='line_1_11' title="bbox 47 664 759 725; baseline 0.001 -16"><span class='ocrx_word' id='word_1_82' title='bbox 47 668 92 709; x_wconf 89' lang='lat' dir='ltr'>tius</span> <span class='ocrx_word' id='word_1_83' title='bbox 104 669 146 718; x_wconf 85' lang='lat' dir='ltr'>est,</span> <span class='ocrx_word' id='word_1_84' title='bbox 159 666 299 722; x_wconf 77' lang='lat' dir='ltr'>ingeminare</span> <span class='ocrx_word' id='word_1_85' title='bbox 311 665 348 722; x_wconf 87' lang='lat' dir='ltr'>pia</span> <span class='ocrx_word' id='word_1_86' title='bbox 364 664 461 721; x_wconf 81' lang='lat' dir='ltr'>suspiria</span> <span class='ocrx_word' id='word_1_87' title='bbox 472 664 615 709; x_wconf 73' lang='lat' dir='ltr'>contritionis</span> <span class='ocrx_word' id='word_1_88' title='bbox 631 667 729 710; x_wconf 79' lang='lat' dir='ltr'>etauio-</span> <span class='ocrx_word' id='word_1_89' title='bbox 758 687 787 725; x_wconf 58' lang='lat' dir='ltr'><em>s</em></span> 
     </span>
     <span class='ocr_line' id='line_1_12' title="bbox 24 724 758 783; baseline 0.003 -15"><span class='ocrx_word' id='word_1_90' title='bbox 24 777 26 780; x_wconf 17' lang='lat' dir='ltr'>v</span> <span class='ocrx_word' id='word_1_91' title='bbox 47 727 88 781; x_wconf 85' lang='lat' dir='ltr'>ris,</span> <span class='ocrx_word' id='word_1_92' title='bbox 106 728 132 770; x_wconf 91' lang='lat' dir='ltr'>ut</span> <span class='ocrx_word' id='word_1_93' title='bbox 152 726 190 769; x_wconf 85' lang='lat' dir='ltr'><em>vel</em></span> <span class='ocrx_word' id='word_1_94' title='bbox 205 726 228 769; x_wconf 90' lang='lat' dir='ltr'>in</span> <span class='ocrx_word' id='word_1_95' title='bbox 248 725 328 770; x_wconf 90' lang='lat' dir='ltr'>ultimo</span> <span class='ocrx_word' id='word_1_96' title='bbox 349 725 453 780; x_wconf 85' lang='lat' dir='ltr'>articulo,</span> <span class='ocrx_word' id='word_1_97' title='bbox 470 738 513 770; x_wconf 92' lang='lat' dir='ltr'><em>non</em></span> <span class='ocrx_word' id='word_1_98' title='bbox 533 724 730 783; x_wconf 42' lang='lat' dir='ltr'>desertusppossit</span> <span class='ocrx_word' id='word_1_99' title='bbox 757 726 758 730; x_wconf 75' lang='grc'><em>’</em></span> 
     </span>
     <span class='ocr_line' id='line_1_13' title="bbox 47 786 187 842; baseline 0.007 -13"><span class='ocrx_word' id='word_1_100' title='bbox 47 786 187 842; x_wconf 76' lang='lat' dir='ltr'>resipiscere.</span> 
     </span>
    </p>
   </div>
   <div class='ocr_carea' id='block_1_3' title="bbox 296 922 477 969">
    <p class='ocr_par' dir='ltr' id='par_1_3' title="bbox 296 922 477 969">
     <span class='ocr_line' id='line_1_14' title="bbox 296 922 477 969; baseline 0 -6"><span class='ocrx_word' id='word_1_101' title='bbox 296 923 438 969; x_wconf 76' lang='lat' dir='ltr'>QUAESTIO</span> <span class='ocrx_word' id='word_1_102' title='bbox 447 922 477 964; x_wconf 92' lang='grc' dir='ltr'><em>ΙΙ.</em></span> 
     </span>
    </p>
   </div>
   <div class='ocr_carea' id='block_1_4' title="bbox 51 1019 730 1138">
    <p class='ocr_par' dir='ltr' id='par_1_4' title="bbox 51 1019 730 1138">
     <span class='ocr_line' id='line_1_15' title="bbox 51 1019 730 1082; baseline 0.001 -16"><span class='ocrx_word' id='word_1_103' title='bbox 51 1020 165 1076; x_wconf 70' lang='grc'><em>4444444444</em></span> <span class='ocrx_word' id='word_1_104' title='bbox 191 1019 302 1079; x_wconf 69' lang='grc'><em>4444444444</em></span> <span class='ocrx_word' id='word_1_105' title='bbox 323 1033 374 1065; x_wconf 83' lang='lat' dir='ltr'>cum</span> <span class='ocrx_word' id='word_1_106' title='bbox 391 1024 508 1078; x_wconf 78' lang='lat' dir='ltr'>peccatore</span> <span class='ocrx_word' id='word_1_107' title='bbox 529 1019 615 1066; x_wconf 87' lang='grc'><em>44444444</em></span> <span class='ocrx_word' id='word_1_108' title='bbox 636 1020 730 1082; x_wconf 72' lang='lat' dir='ltr'>differre</span> 
     </span>
     <span class='ocr_line' id='line_1_16' title="bbox 302 1080 538 1138; baseline 0.008 -14"><span class='ocrx_word' id='word_1_109' title='bbox 302 1080 478 1138; x_wconf 79' lang='lat' dir='ltr'>poenitentium?</span> <span class='ocrx_word' id='word_1_110' title='bbox 498 1084 500 1087; x_wconf 56' lang='lat'><em>⁴</em></span> <span class='ocrx_word' id='word_1_111' title='bbox 534 1086 538 1095; x_wconf 91' lang='grc'><em>“</em></span> 
     </span>
    </p>
   </div>
   <div class='ocr_carea' id='block_1_5' title="bbox 250 1179 522 1215">
    <p class='ocr_par' dir='ltr' id='par_1_5' title="bbox 250 1179 522 1215">
     <span class='ocr_line' id='line_1_17' title="bbox 250 1179 522 1215; baseline 0.004 -2"><span class='ocrx_word' id='word_1_112' title='bbox 250 1179 292 1215; x_wconf 77' lang='lat'><em>207.</em></span> <span class='ocrx_word' id='word_1_113' title='bbox 303 1180 404 1215; x_wconf 84' lang='lat' dir='ltr'>Terrendns</span> <span class='ocrx_word' id='word_1_114' title='bbox 412 1179 522 1215; x_wconf 81' lang='lat' dir='ltr'>nouissimis.</span> 
     </span>
    </p>
   </div>
   <div class='ocr_carea' id='block_1_6' title="bbox 47 1259 744 2277">
    <p class='ocr_par' dir='ltr' id='par_1_6' title="bbox 47 1259 773 2155">
     <span class='ocr_line' id='line_1_18' title="bbox 75 1259 729 1316; baseline 0.005 -13"><span class='ocrx_word' id='word_1_115' title='bbox 75 1261 129 1304; x_wconf 70' lang='lat'>207.</span> <span class='ocrx_word' id='word_1_116' title='bbox 144 1285 174 1292; x_wconf 89' lang='grc'>-</span> <span class='ocrx_word' id='word_1_117' title='bbox 182 1261 253 1315; x_wconf 81' lang='lat' dir='ltr'>Resp.</span> <span class='ocrx_word' id='word_1_118' title='bbox 266 1259 321 1303; x_wconf 80' lang='lat' dir='ltr'><em>Cum</em></span> <span class='ocrx_word' id='word_1_119' title='bbox 333 1259 422 1302; x_wconf 91' lang='lat' dir='ltr'>volente</span> <span class='ocrx_word' id='word_1_120' title='bbox 433 1259 525 1302; x_wconf 87' lang='lat' dir='ltr'>differre</span> <span class='ocrx_word' id='word_1_121' title='bbox 537 1259 694 1316; x_wconf 85' lang='lat' dir='ltr'>poenitentiam</span> <span class='ocrx_word' id='word_1_122' title='bbox 705 1260 729 1306; x_wconf 88' lang='lat' dir='ltr'>iu</span> 
     </span>
     <span class='ocr_line' id='line_1_19' title="bbox 47 1319 727 1374; baseline 0.003 -12"><span class='ocrx_word' id='word_1_123' title='bbox 47 1321 114 1362; x_wconf 86' lang='lat' dir='ltr'>finem</span> <span class='ocrx_word' id='word_1_124' title='bbox 126 1320 189 1373; x_wconf 80' lang='lat' dir='ltr'>vitoe,</span> <span class='ocrx_word' id='word_1_125' title='bbox 202 1323 242 1361; x_wconf 90' lang='lat' dir='ltr'>aut</span> <span class='ocrx_word' id='word_1_126' title='bbox 259 1331 328 1362; x_wconf 78' lang='lat' dir='ltr'>annos</span> <span class='ocrx_word' id='word_1_127' title='bbox 347 1319 478 1374; x_wconf 83' lang='lat' dir='ltr'>senectutis,</span> <span class='ocrx_word' id='word_1_128' title='bbox 500 1319 532 1362; x_wconf 89' lang='lat' dir='ltr'><em>sie</em></span> <span class='ocrx_word' id='word_1_129' title='bbox 543 1320 632 1374; x_wconf 85' lang='lat' dir='ltr'>procedi</span> <span class='ocrx_word' id='word_1_130' title='bbox 644 1322 727 1374; x_wconf 87' lang='lat' dir='ltr'>potest.</span> 
     </span>
     <span class='ocr_line' id='line_1_20' title="bbox 47 1377 730 1435; baseline 0.003 -13"><span class='ocrx_word' id='word_1_131' title='bbox 47 1380 65 1423; x_wconf 90' lang='lat' dir='ltr'><em>I.</em></span> <span class='ocrx_word' id='word_1_132' title='bbox 78 1381 157 1423; x_wconf 88' lang='lat' dir='ltr'>Monet</span> <span class='ocrx_word' id='word_1_133' title='bbox 169 1392 208 1421; x_wconf 86' lang='lat' dir='ltr'>nos</span> <span class='ocrx_word' id='word_1_134' title='bbox 220 1379 306 1423; x_wconf 84' lang='lat' dir='ltr'>Eeeles.</span> <span class='ocrx_word' id='word_1_135' title='bbox 323 1391 372 1435; x_wconf 85' lang='lat' dir='ltr'>cap.</span> <span class='ocrx_word' id='word_1_136' title='bbox 384 1379 407 1423; x_wconf 84' lang='lat'><em>5.</em></span> <span class='ocrx_word' id='word_1_137' title='bbox 420 1392 481 1422; x_wconf 89' lang='lat' dir='ltr'>vers.</span> <span class='ocrx_word' id='word_1_138' title='bbox 494 1378 525 1421; x_wconf 88' lang='lat'><em>8:</em></span> <span class='ocrx_word' id='word_1_139' title='bbox 538 1377 574 1426; x_wconf 79' lang='lat' dir='ltr'>Ne</span> <span class='ocrx_word' id='word_1_140' title='bbox 591 1378 668 1425; x_wconf 74' lang='grc'><em>44444444</em></span> <span class='ocrx_word' id='word_1_141' title='bbox 678 1391 730 1424; x_wconf 86' lang='grc'><em>4444·</em></span> 
     </span>
     <span class='ocr_line' id='line_1_21' title="bbox 47 1439 728 1544; baseline 0 -60"><span class='ocrx_word' id='word_1_142' title='bbox 47 1441 106 1485; x_wconf 87' lang='grc'><em>44444</em></span> <span class='ocrx_word' id='word_1_143' title='bbox 117 1439 147 1485; x_wconf 83' lang='lat' dir='ltr'>cd</span> <span class='ocrx_word' id='word_1_144' title='bbox 166 1439 340 1492; x_wconf 62' lang='lat' dir='ltr'>Denticulam</span> <span class='ocrx_word' id='word_1_145' title='bbox 357 1451 384 1483; x_wconf 86' lang='grc'><em>444</em></span> <span class='ocrx_word' id='word_1_146' title='bbox 403 1439 504 1544; x_wconf 73' lang='lat' dir='ltr'>differas</span> <span class='ocrx_word' id='word_1_147' title='bbox 518 1439 544 1483; x_wconf 82' lang='grc'><em>444</em></span> <span class='ocrx_word' id='word_1_148' title='bbox 555 1439 619 1484; x_wconf 88' lang='grc'><em>4444</em></span> <span class='ocrx_word' id='word_1_149' title='bbox 609 1453 634 1484; x_wconf 86' lang='grc'><em>444</em></span> <span class='ocrx_word' id='word_1_150' title='bbox 651 1439 728 1485; x_wconf 84' lang='grc'><em>444444.-</em></span> 
     </span>
     <span class='ocr_line' id='line_1_22' title="bbox 47 1498 734 1557; baseline 0 -12"><span class='ocrx_word' id='word_1_151' title='bbox 47 1501 122 1545; x_wconf 76' lang='lat' dir='ltr'>subito</span> <span class='ocrx_word' id='word_1_152' title='bbox 133 1499 191 1544; x_wconf 88' lang='grc'><em>4444444</em></span> <span class='ocrx_word' id='word_1_153' title='bbox 210 1499 309 1544; x_wconf 89' lang='grc'><em>44444444</em></span> <span class='ocrx_word' id='word_1_154' title='bbox 310 1499 386 1553; x_wconf 82' lang='grc'><em>4444444</em></span> <span class='ocrx_word' id='word_1_155' title='bbox 387 1511 422 1553; x_wconf 82' lang='grc'><em>444,</em></span> <span class='ocrx_word' id='word_1_156' title='bbox 440 1502 488 1544; x_wconf 89' lang='grc'><em>444</em></span> <span class='ocrx_word' id='word_1_157' title='bbox 490 1502 599 1557; x_wconf 70' lang='grc'><em>4444444444</em></span> <span class='ocrx_word' id='word_1_158' title='bbox 592 1498 729 1546; x_wconf 84' lang='grc'><em>4444444444</em></span> <span class='ocrx_word' id='word_1_159' title='bbox 732 1504 734 1506; x_wconf 79' lang='grc'><em>’</em></span> 
     </span>
     <span class='ocr_line' id='line_1_23' title="bbox 47 1559 729 1618; baseline 0.001 -15"><span class='ocrx_word' id='word_1_160' title='bbox 47 1560 161 1617; x_wconf 79' lang='lat' dir='ltr'>disperdet</span> <span class='ocrx_word' id='word_1_161' title='bbox 174 1562 200 1603; x_wconf 87' lang='grc'><em>44.</em></span> <span class='ocrx_word' id='word_1_162' title='bbox 215 1560 293 1602; x_wconf 88' lang='lat' dir='ltr'>Monet</span> <span class='ocrx_word' id='word_1_163' title='bbox 304 1573 343 1602; x_wconf 91' lang='lat' dir='ltr'>nos</span> <span class='ocrx_word' id='word_1_164' title='bbox 355 1560 430 1602; x_wconf 83' lang='lat' dir='ltr'>Chris</span> <span class='ocrx_word' id='word_1_165' title='bbox 423 1565 467 1612; x_wconf 88' lang='lat' dir='ltr'>ns</span> <span class='ocrx_word' id='word_1_166' title='bbox 480 1560 539 1602; x_wconf 84' lang='lat' dir='ltr'>Matt</span> <span class='ocrx_word' id='word_1_167' title='bbox 521 1561 583 1602; x_wconf 81' lang='lat' dir='ltr'>tthaei</span> <span class='ocrx_word' id='word_1_168' title='bbox 602 1560 647 1603; x_wconf 77' lang='grc'><em>25.</em></span> <span class='ocrx_word' id='word_1_169' title='bbox 665 1559 729 1618; x_wconf 69' lang='grc'><em>444-</em></span> 
     </span>
     <span class='ocr_line' id='line_1_24' title="bbox 48 1618 729 1677; baseline 0.004 -15"><span class='ocrx_word' id='word_1_170' title='bbox 48 1620 100 1674; x_wconf 85' lang='grc'><em>4444,</em></span> <span class='ocrx_word' id='word_1_171' title='bbox 119 1620 173 1677; x_wconf 76' lang='lat' dir='ltr'>puin</span> <span class='ocrx_word' id='word_1_172' title='bbox 191 1618 282 1664; x_wconf 77' lang='lat' dir='ltr'>nescitis</span> <span class='ocrx_word' id='word_1_173' title='bbox 300 1618 365 1672; x_wconf 84' lang='grc'><em>4444444,</em></span> <span class='ocrx_word' id='word_1_174' title='bbox 378 1632 447 1676; x_wconf 78' lang='lat' dir='ltr'>ecque</span> <span class='ocrx_word' id='word_1_175' title='bbox 466 1619 552 1663; x_wconf 74' lang='lat' dir='ltr'>lterum.</span> <span class='ocrx_word' id='word_1_176' title='bbox 565 1618 685 1665; x_wconf 82' lang='lat' dir='ltr'>Stetutcm</span> <span class='ocrx_word' id='word_1_177' title='bbox 696 1623 729 1666; x_wconf 86' lang='grc'><em>444</em></span> 
     </span>
     <span class='ocr_line' id='line_1_25' title="bbox 47 1678 727 1735; baseline -0.001 -10"><span class='ocrx_word' id='word_1_178' title='bbox 47 1680 149 1725; x_wconf 83' lang='grc'><em>4444444444</em></span> <span class='ocrx_word' id='word_1_179' title='bbox 160 1679 226 1724; x_wconf 82' lang='grc'><em>4444444</em></span> <span class='ocrx_word' id='word_1_180' title='bbox 242 1678 307 1723; x_wconf 88' lang='grc'><em>444444.</em></span> <span class='ocrx_word' id='word_1_181' title='bbox 323 1680 386 1723; x_wconf 89' lang='lat' dir='ltr'>Mors</span> <span class='ocrx_word' id='word_1_182' title='bbox 397 1683 468 1732; x_wconf 89' lang='lat' dir='ltr'>certa,</span> <span class='ocrx_word' id='word_1_183' title='bbox 481 1680 537 1723; x_wconf 81' lang='lat' dir='ltr'>hora</span> <span class='ocrx_word' id='word_1_184' title='bbox 547 1680 643 1734; x_wconf 86' lang='lat' dir='ltr'>incerta,</span> <span class='ocrx_word' id='word_1_185' title='bbox 657 1681 727 1735; x_wconf 87' lang='lat' dir='ltr'>loeus,</span> 
     </span>
     <span class='ocr_line' id='line_1_26' title="bbox 48 1738 726 1795; baseline 0.001 -13"><span class='ocrx_word' id='word_1_186' title='bbox 48 1742 126 1783; x_wconf 87' lang='lat' dir='ltr'>modus</span> <span class='ocrx_word' id='word_1_187' title='bbox 138 1740 244 1781; x_wconf 86' lang='lat' dir='ltr'>incertus.</span> <span class='ocrx_word' id='word_1_188' title='bbox 263 1738 338 1792; x_wconf 80' lang='lat' dir='ltr'>Major</span> <span class='ocrx_word' id='word_1_189' title='bbox 349 1752 401 1793; x_wconf 86' lang='lat' dir='ltr'>pars</span> <span class='ocrx_word' id='word_1_190' title='bbox 422 1738 538 1781; x_wconf 88' lang='lat' dir='ltr'>hominum</span> <span class='ocrx_word' id='word_1_191' title='bbox 550 1742 602 1781; x_wconf 87' lang='lat' dir='ltr'>ante</span> <span class='ocrx_word' id='word_1_192' title='bbox 613 1739 726 1795; x_wconf 84' lang='lat' dir='ltr'>quinqua-</span> 
     </span>
     <span class='ocr_line' id='line_1_27' title="bbox 48 1797 729 1855; baseline 0.003 -13"><span class='ocrx_word' id='word_1_193' title='bbox 48 1799 159 1855; x_wconf 72' lang='lat' dir='ltr'>gesimum</span> <span class='ocrx_word' id='word_1_194' title='bbox 177 1811 259 1841; x_wconf 80' lang='lat' dir='ltr'>animm</span> <span class='ocrx_word' id='word_1_195' title='bbox 276 1797 299 1840; x_wconf 90' lang='lat' dir='ltr'>in</span> <span class='ocrx_word' id='word_1_196' title='bbox 321 1799 474 1843; x_wconf 78' lang='lat' dir='ltr'>aeternitatem</span> <span class='ocrx_word' id='word_1_197' title='bbox 492 1797 611 1854; x_wconf 77' lang='lat' dir='ltr'>abripitur.</span> <span class='ocrx_word' id='word_1_198' title='bbox 633 1800 690 1848; x_wconf 82' lang='lat' dir='ltr'>Quid</span> <span class='ocrx_word' id='word_1_199' title='bbox 710 1801 729 1844; x_wconf 88' lang='lat' dir='ltr'><em>si</em></span> 
     </span>
     <span class='ocr_line' id='line_1_28' title="bbox 48 1858 730 1915; baseline 0.004 -14"><span class='ocrx_word' id='word_1_200' title='bbox 48 1860 163 1912; x_wconf 76' lang='lat' dir='ltr'>hodierna,</span> <span class='ocrx_word' id='word_1_201' title='bbox 175 1858 226 1915; x_wconf 85' lang='lat' dir='ltr'>quid</span> <span class='ocrx_word' id='word_1_202' title='bbox 239 1858 257 1903; x_wconf 89' lang='lat' dir='ltr'><em>si</em></span> <span class='ocrx_word' id='word_1_203' title='bbox 268 1858 367 1901; x_wconf 83' lang='lat' dir='ltr'>crastina</span> <span class='ocrx_word' id='word_1_204' title='bbox 378 1859 426 1902; x_wconf 90' lang='lat' dir='ltr'>dies</span> <span class='ocrx_word' id='word_1_205' title='bbox 434 1859 515 1903; x_wconf 87' lang='lat' dir='ltr'>ultima</span> <span class='ocrx_word' id='word_1_206' title='bbox 526 1858 567 1903; x_wconf 84' lang='lat' dir='ltr'>tibi</span> <span class='ocrx_word' id='word_1_207' title='bbox 576 1858 651 1904; x_wconf 66' lang='lat' dir='ltr'>foret?</span> <span class='ocrx_word' id='word_1_208' title='bbox 662 1860 730 1904; x_wconf 91' lang='lat' dir='ltr'>Omni</span> 
     </span>
     <span class='ocr_line' id='line_1_29' title="bbox 48 1919 729 1977; baseline 0.001 -15"><span class='ocrx_word' id='word_1_209' title='bbox 48 1920 91 1972; x_wconf 84' lang='lat' dir='ltr'>die,</span> <span class='ocrx_word' id='word_1_210' title='bbox 113 1919 172 1962; x_wconf 91' lang='lat' dir='ltr'>omni</span> <span class='ocrx_word' id='word_1_211' title='bbox 188 1919 245 1962; x_wconf 89' lang='lat' dir='ltr'>hora</span> <span class='ocrx_word' id='word_1_212' title='bbox 264 1919 321 1961; x_wconf 90' lang='lat' dir='ltr'>mori</span> <span class='ocrx_word' id='word_1_213' title='bbox 343 1922 414 1973; x_wconf 83' lang='lat' dir='ltr'>potes.</span> <span class='ocrx_word' id='word_1_214' title='bbox 435 1920 460 1963; x_wconf 91' lang='lat' dir='ltr'><em>Si</em></span> <span class='ocrx_word' id='word_1_215' title='bbox 478 1920 547 1962; x_wconf 87' lang='lat' dir='ltr'>scires</span> <span class='ocrx_word' id='word_1_216' title='bbox 568 1920 656 1977; x_wconf 69' lang='lat' dir='ltr'>uni&#39;ex</span> <span class='ocrx_word' id='word_1_217' title='bbox 674 1920 729 1963; x_wconf 86' lang='lat' dir='ltr'>cibis</span> 
     </span>
     <span class='ocr_line' id='line_1_30' title="bbox 47 1978 729 2047; baseline 0.003 -25"><span class='ocrx_word' id='word_1_218' title='bbox 47 1980 170 2035; x_wconf 82' lang='lat' dir='ltr'>pluribust</span> <span class='ocrx_word' id='word_1_219' title='bbox 161 1978 203 2022; x_wconf 85' lang='lat' dir='ltr'>tibi</span> <span class='ocrx_word' id='word_1_220' title='bbox 212 1978 300 2047; x_wconf 75' lang='lat' dir='ltr'>epposit</span> <span class='ocrx_word' id='word_1_221' title='bbox 301 1978 320 2022; x_wconf 88' lang='lat' dir='ltr'><em>is</em></span> <span class='ocrx_word' id='word_1_222' title='bbox 291 1978 418 2022; x_wconf 84' lang='lat' dir='ltr'>tadmint</span> <span class='ocrx_word' id='word_1_223' title='bbox 409 1981 456 2023; x_wconf 87' lang='lat' dir='ltr'>tum</span> <span class='ocrx_word' id='word_1_224' title='bbox 469 1992 579 2023; x_wconf 86' lang='lat' dir='ltr'>venenum</span> <span class='ocrx_word' id='word_1_225' title='bbox 583 1979 668 2036; x_wconf 74' lang='lat' dir='ltr'>‚quern</span> <span class='ocrx_word' id='word_1_226' title='bbox 678 1994 729 2024; x_wconf 86' lang='lat' dir='ltr'>eau-</span> 
     </span>
     <span class='ocr_line' id='line_1_31' title="bbox 47 2039 728 2093; baseline 0 -11"><span class='ocrx_word' id='word_1_227' title='bbox 47 2042 84 2083; x_wconf 89' lang='lat' dir='ltr'><em>tus</em></span> <span class='ocrx_word' id='word_1_228' title='bbox 95 2040 169 2093; x_wconf 76' lang='lat' dir='ltr'>lor-es</span> <span class='ocrx_word' id='word_1_229' title='bbox 182 2040 221 2081; x_wconf 89' lang='lat' dir='ltr'>uni</span> <span class='ocrx_word' id='word_1_230' title='bbox 232 2041 294 2081; x_wconf 78' lang='lat' dir='ltr'>horae</span> <span class='ocrx_word' id='word_1_231' title='bbox 305 2039 364 2081; x_wconf 83' lang='lat' dir='ltr'>inest</span> <span class='ocrx_word' id='word_1_232' title='bbox 375 2052 436 2082; x_wconf 87' lang='lat' dir='ltr'>mors</span> <span class='ocrx_word' id='word_1_233' title='bbox 450 2042 554 2093; x_wconf 84' lang='grc'><em>444,4</em></span> <span class='ocrx_word' id='word_1_234' title='bbox 511 2042 534 2081; x_wconf 89' lang='lat' dir='ltr'><em>et</em></span> <span class='ocrx_word' id='word_1_235' title='bbox 547 2040 580 2082; x_wconf 86' lang='grc'><em>444</em></span> <span class='ocrx_word' id='word_1_236' title='bbox 591 2054 694 2083; x_wconf 88' lang='lat' dir='ltr'>securum</span> <span class='ocrx_word' id='word_1_237' title='bbox 705 2044 728 2084; x_wconf 85' lang='lat' dir='ltr'><em>te</em></span> 
     </span>
     <span class='ocr_line' id='line_1_32' title="bbox 47 2098 127 2155; baseline 0.015 -13"><span class='ocrx_word' id='word_1_238' title='bbox 47 2103 96 2155; x_wconf 60' lang='lat' dir='ltr'>puin</span> <span class='ocrx_word' id='word_1_239' title='bbox 89 2098 127 2143; x_wconf 66' lang='grc'><em>4444</em></span> 
     </span>
    </p>

    <p class='ocr_par' dir='ltr' id='par_1_7' title="bbox 49 2157 744 2277">
     <span class='ocr_line' id='line_1_33' title="bbox 78 2157 728 2217; baseline -0.002 -16"><span class='ocrx_word' id='word_1_240' title='bbox 78 2159 100 2202; x_wconf 83' lang='grc'><em>2.</em></span> <span class='ocrx_word' id='word_1_241' title='bbox 113 2161 182 2211; x_wconf 82' lang='lat' dir='ltr'>Deus,</span> <span class='ocrx_word' id='word_1_242' title='bbox 196 2159 233 2213; x_wconf 85' lang='lat' dir='ltr'>qui</span> <span class='ocrx_word' id='word_1_243' title='bbox 245 2157 315 2214; x_wconf 86' lang='lat' dir='ltr'>poenit</span> <span class='ocrx_word' id='word_1_244' title='bbox 307 2157 362 2201; x_wconf 92' lang='lat' dir='ltr'>tenti</span> <span class='ocrx_word' id='word_1_245' title='bbox 374 2157 464 2200; x_wconf 85' lang='lat' dir='ltr'>veniam</span> <span class='ocrx_word' id='word_1_246' title='bbox 481 2160 608 2216; x_wconf 76' lang='lat' dir='ltr'>spopondit,</span> <span class='ocrx_word' id='word_1_247' title='bbox 626 2159 728 2217; x_wconf 82' lang='lat' dir='ltr'>peccanti</span> 
     </span>
     <span class='ocr_line' id='line_1_34' title="bbox 49 2216 744 2277; baseline 0.006 -16"><span class='ocrx_word' id='word_1_248' title='bbox 49 2217 108 2263; x_wconf 86' lang='lat' dir='ltr'>diem</span> <span class='ocrx_word' id='word_1_249' title='bbox 119 2218 242 2264; x_wconf 83' lang='lat' dir='ltr'>crastinum</span> <span class='ocrx_word' id='word_1_250' title='bbox 251 2233 294 2262; x_wconf 89' lang='lat' dir='ltr'><em>non</em></span> <span class='ocrx_word' id='word_1_251' title='bbox 306 2216 417 2276; x_wconf 87' lang='lat' dir='ltr'>promisit</span> <span class='ocrx_word' id='word_1_252' title='bbox 430 2217 519 2277; x_wconf 77' lang='lat' dir='ltr'>Angelo</span> <span class='ocrx_word' id='word_1_253' title='bbox 530 2233 612 2277; x_wconf 82' lang='lat' dir='ltr'>peccari</span> <span class='ocrx_word' id='word_1_254' title='bbox 614 2221 729 2264; x_wconf 73' lang='lat' dir='ltr'>timorum</span> <span class='ocrx_word' id='word_1_255' title='bbox 737 2258 744 2265; x_wconf 71' lang='grc'><em>,,</em></span> 
     </span>
    </p>
   </div>
   <div class='ocr_carea' id='block_1_7' title="bbox 0 0 798 2464">
    <p class='ocr_par' dir='ltr' id='par_1_8' title="bbox 0 0 798 2464">
     <span class='ocr_line' id='line_1_35' title="bbox 0 0 798 2464; baseline 0 0"><span class='ocrx_word' id='word_1_256' title='bbox 0 0 798 2464; x_wconf 95' lang='lat' dir='ltr'><em> </em></span> 
     </span>
    </p>
   </div>
  </div>
 </body>
</html>
