1577 2464
259 58 359 109 arrisu,
376 69 450 99 enrur
466 68 498 99 vn
542 83 544 86 v
588 74 590 77 ·
621 83 632 88 w
672 57 717 101 205

38 159 97 216 quod
109 158 166 202 nunc
178 158 269 212 vendat,
283 161 322 201 aut
331 156 390 212 quod
400 155 487 199 lucrum
499 158 584 200 cesset:
596 160 620 201 ut
629 158 647 200 si
660 172 718 202 nier-

37 233 82 273 ccs‚
101 215 156 274 quas
173 217 197 261 in
218 218 279 262 aliud
299 222 388 273 tempus
404 229 497 269 servare
517 217 657 268 decreverat,
675 231 717 273 quo

37 278 185 335 probabiliter
197 278 268 334 pluris
280 281 345 319 erant
360 275 474 326 valiturae,
487 278 570 318 vendat
580 276 604 318 in
621 277 718 330 gratiam

38 338 141 392 alterius,
158 341 197 380 aut
208 337 292 379 vendat
309 348 405 388 merces,
418 347 474 391 quas
490 339 584 390 cogetur
594 340 673 391 postea
684 349 720 379 ca·
738 337 740 341 ’

39 398 87 448 rius
98 411 172 441 eruere
179 409 185 451 3
193 396 246 453 quia
255 398 330 452 potest
338 396 400 451 Juste
410 396 510 450 exigere,
520 398 604 452 praeter
612 394 718 451 pretium,

38 453 244 513 compensationem
251 455 335 509 damni,
343 469 371 498 ex
380 455 515 498 alienatione
526 456 560 497 rei
571 469 617 498 suae
627 461 721 511 propter

38 517 108 560 aliurn
121 515 229 569 secuturi,
241 514 279 557 vel
292 515 349 558 lucri
364 528 392 558 en
403 528 430 558 ea
445 515 554 558 cessantis
568 526 574 558 1
586 515 669 558 debent
679 516 721 559 de·

38 576 89 620 oud
100 580 175 620 tanren
192 588 306 631 expensae,
318 588 373 629 quas
385 574 490 617 venditor
505 574 606 617 facturus
623 577 674 617 erat
693 575 720 616 ad

40 636 163 693 servandas
174 647 261 677 merces
272 647 341 688 usque
356 634 384 676 ad
404 636 514 676 statutum
525 637 614 688 ternpus
626 632 722 677 etaesti-

39 694 109 736 matio
121 692 285 746 diminutionis,
296 693 479 737 deteriorationis
498 695 521 736 et
532 692 627 748 periculi
639 693 721 735 mercis

39 755 62 796 in
74 755 195 809 idtenrpus
212 753 343 810 servandac;
356 751 412 796 alias
424 752 474 808 plus
490 752 584 795 haberet
600 766 628 796 en
640 752 722 796 vendi·
771 760 773 763 “

39 813 101 856 tione
112 813 160 867 illa,
171 823 238 868 quarn
251 816 329 869 postea
342 817 392 856 erat
408 813 538 868 habiturus3
557 814 624 856 debet
634 814 721 869 quoque

40 873 137 929 emptori
155 873 229 917 dicere
239 872 289 916 ideo
299 887 322 917 se
332 873 381 928 plus
393 874 497 927 exigere,
509 887 536 916 ue
547 873 598 928 plus
609 873 647 915 det
658 873 721 928 igno-

17 955 18 958 =
40 946 94 977 rans
102 932 162 976 forte
172 933 228 976 alias
237 932 295 989 apud
307 932 385 986 aliurn,
396 936 435 975 aut
444 945 487 976 non
496 936 614 988 empturus
622 930 664 991 (l).
683 930 688 933 ’

71 993 94 1037 3.
110 992 190 1037 Potest
203 992 253 1048 quis
269 991 390 1035 convenire
409 1005 460 1035 cum
476 994 587 1049 emptore,
600 995 626 1036 ut
645 991 723 1036 solva-

41 1055 80 1096 tur
95 1052 193 1108 pretium
211 1051 260 1095 sive
274 1051 348 1106 majus
366 1052 415 1095 sive
431 1052 513 1104 minus,
526 1065 570 1106 quo
584 1065 621 1094 res
637 1052 723 1093 valebit

42 1125 68 1153 eo
84 1113 195 1165 ternpore,
207 1123 251 1165 quo
266 1110 400 1154 decreverat
413 1110 512 1154 vendere
526 1113 613 1167 postea,
630 1112 670 1154 sed
682 1111 724 1155 ite-

41 1184 92 1213 run]
102 1170 235 1214 deducendae
244 1173 296 1213 sunt
305 1176 419 1226 expensae.

73 1230 95 1272 l.
114 1230 157 1278 Qui
177 1242 214 1273 res
236 1229 337 1273 vendunt
356 1229 460 1273 minutim
478 1232 501 1272 et
519 1229 542 1272 in
560 1243 632 1287 parva
651 1243 724 1286 quan-

42 1289 110 1332 titate
130 1292 224 1344 possunt
243 1289 315 1344 pluris
336 1288 451 1345 aliquanto
469 1290 580 1343 vendere,
598 1292 664 1345 quani
686 1290 724 1346 qui

44 1349 111 1392 sirnul
123 1357 146 1392 et
156 1350 179 1391 in
195 1362 278 1403 inagna
292 1349 418 1404 quantitate
434 1350 547 1403 vendunt;
557 1348 610 1404 quia
625 1349 725 1404 majores

44 1408 142 1461 labores,
154 1408 276 1464 impensas,
290 1422 369 1464 operas
381 1413 404 1450 et
415 1409 518 1452 curasiis
529 1409 691 1465 conservandis
701 1411 725 1453 et

43 1467 195 1511 distrahendis
203 1468 284 1511 debent
292 1465 436 1524 impendere3
445 1469 524 1524 quibus
536 1469 588 1524 quia
598 1469 725 1519 liberantur

43 1528 166 1570 vendentes
185 1527 208 1570 in
230 1540 313 1583 magna
332 1528 467 1583 quantitate,
480 1532 574 1584 possunt
595 1541 682 1571 merces
701 1528 725 1572 in

41 1585 127 1642 'inagna
137 1586 264 1641 quantitate
275 1586 369 1631 minoris
379 1587 432 1631 emi.¹
718 1612 720 1616 ·

74 1649 96 1689 5.
113 1646 167 1694 Quae
179 1647 282 1694 auctione
298 1647 395 1703 publica,
407 1661 446 1707 seu
460 1647 500 1691 sub
514 1649 581 1692 hasta
595 1649 727 1692 venduntur

42 1705 168 1749 'admittunt
178 1705 287 1765 pretium,
299 1708 357 1762 quod
369 1707 417 1751 sine
428 1707 460 1761 vi,
470 1707 551 1752 fraude
566 1710 590 1753 et
605 1708 656 1753 dolo
666 1709 727 1753 obti-

45 1765 94 1809 neri
109 1769 185 1822 potest
198 1766 381 1819 t'lrincpossunt
399 1768 473 1822 pretio
490 1781 573 1822 magno
588 1769 626 1809 vel
646 1782 725 1824 parvo,

42 1825 114 1867 'etiarn
125 1824 185 1867 inira
196 1824 232 1867 vel
241 1837 310 1881 supra
320 1825 439 1870 dimidium
453 1826 530 1881 pretii,
542 1839 586 1883 quo
598 1829 728 1870 emerentur

46 1884 69 1926 in
79 1884 176 1939 officina,
189 1884 234 1927 enni
245 1890 268 1927 et
284 1885 365 1937 rendi;
377 1886 430 1940 quia
446 1886 478 1928 sic
489 1899 542 1929 usus
560 1887 584 1930 et
603 1888 728 1929 cerninunis

45 1956 167 2002 consensus
181 1943 331 2000 praescripsit.
343 1945 397 1988 Dixi
409 1957 415 1988 t
427 1944 476 1990 atrae
486 1945 517 1998 ot,
527 1945 613 2001 derecte
623 1949 645 1990 et
656 1945 707 1990 dolo
720 1964 727 1990 :
753 1958 754 1961 ¹

45 2003 98 2058 quia
110 2009 163 2047 curn
178 2003 214 2048 his
231 2004 284 2057 erni,
298 2003 340 2047 vel
352 2005 417 2048 vendi
433 2010 477 2048 nou
491 2010 586 2062 possunt
604 2006 652 2050 sine
666 2007 728 2061 inju-

46 2062 123 2119 stitia3
141 2065 175 2117 ut,
191 2063 210 2107 si
228 2064 294 2108 lictus
312 2063 439 2108 licitatora
457 2066 575 2119 venditore
594 2066 729 2110 subordina-

46 2127 118 2177 retur‚
126 2123 163 2179 qui
175 2123 274 2180 pretium
283 2123 406 2182 augeretin
416 2126 583 2185 gratiaru'ejffuss
590 2129 629 2182 aut
641 2129 728 2182 emptor

71 2257 285 2306 (l)fil.s.u1pu.1.c.;
297 2245 482 2306 supranicti
599 2274 625 2279 .,.
679 2280 698 2290 .„

181 2343 183 2345 v
653 2337 674 2372 n
