1577 2464
59 42 106 88 346
143 54 375 90 uno-conrnssn'rrus
391 35 688 90 111101111111111111111111χ
724 33 726 35 ’

50 143 239 197 211111011121111265,
252 159 334 202 eosque
349 148 446 205 daemoni
460 145 613 189 devoverint?
624 147 679 195 Quae
690 159 741 201 pec·

60 206 112 248 cata
122 204 197 248 carnis
213 204 244 248 ibi
256 204 411 252 commiserint
423 220 428 252 :
441 220 491 250 curn
502 206 591 261 quibus,
602 219 645 261 quo
656 204 741 249 mount

59 263 97 309 An
114 262 220 309 convivia
239 265 271 310 ibi
285 266 413 322 habuerint,
432 265 470 311 ubi
489 266 550 309 cibos
562 265 698 322 acceperint,
712 279 739 309 an

60 324 244 379 superstitiosam
256 326 434 372 benedictionem
448 327 600 382 praemiserint
618 331 641 369 et
652 326 741 382 gratia-

59 396 112 429 rum
131 384 243 430 actionem
262 387 426 443 subjunxerint,
445 401 488 443 qua
505 388 629 430 daemonem
650 388 741 429 creato-

60 457 111 488 rem
120 449 144 489 et
162 446 295 502 largitorem
310 447 418 491 bonorum
429 448 527 491 omnium
542 445 694 502 agnoverint?
705 447 741 489 An

61 504 156 547 choreas
167 505 290 560 impudicas
302 507 390 560 egerint
400 506 456 550 taut
467 507 546 549 saltem
553 504 694 560 spectarint?
705 506 740 547 An

61 563 158 606 officium
169 564 258 621 aliquod
269 564 300 607 ibi
312 565 438 621 gesserint?
449 566 503 615 Quae
514 565 607 609 consilia
616 564 646 607 ibi
657 567 741 609 tracta·

62 623 109 667 rint
119 623 142 666 in
154 625 259 667 damnum
271 626 440 682 proximorum?
451 628 472 669 4.
484 628 519 669 tn
529 625 638 680 sacrilege
653 628 741 668 tracta-

61 683 108 726 rint
123 683 213 726 Sacra?
232 684 268 727 An
293 686 410 740 Baptismo
431 686 620 737 renuntiaverint,
634 685 740 740 chrysma
767 730 769 733 ,

61 756 136 798 ungue
147 743 281 799 abraserint,
290 744 444 788 characterem
454 746 620 801 baptismalem,
633 748 740 800 quantum

61 803 84 847 iu
94 802 149 859 ipsis
160 802 237 856 luerit,
257 805 382 848 deleverint
392 804 401 847 2
412 807 447 848 Au
465 806 529 849 abusi
546 819 604 861 aqua
614 805 738 857 benedicta,

61 876 125 907 sacro
133 862 190 915 oleo,
203 863 325 920 agnis'Dei,
340 865 415 908 verbis
427 866 602 908 consecrationis
614 863 623 906 2
634 866 669 907 An
683 866 740 908 mis-

61 934 110 967 sam
126 923 221 966 daemoni
229 924 426 979 accommodarint,
438 922 584 981 promiserint
593 938 616 967 se
628 938 741 979 nunquam

60 982 86 1026 S.
98 982 265 1026 Eucharistiam
276 984 417 1038 adoraturos,
430 983 467 1027 vel
478 986 585 1040 perpetuo
597 984 620 1026 in
632 997 680 1027 eam
692 983 746 1034 lore⁴

60 1041 239 1098 injuriososlhn
249 1044 334 1087 hostias
345 1046 486 1088 consecratas
505 1043 600 1087 daemoni
612 1043 739 1099 attulerint,

61 1105 101 1146 aut
116 1116 184 1158 penes
201 1116 224 1147 se
241 1102 360 1158 gestarint,
382 1107 421 1149 aut
439 1104 511 1147 adhuc
530 1106 627 1159 gestent,
648 1104 671 1146 in
692 1104 741 1147 loco

60 1162 151 1207 sordido
160 1163 364 1208 conservaverint?
375 1164 468 1212 Quoties
480 1164 601 1220 sacrilegas
616 1164 740 1207 contessio-

61 1221 210 1278 nesfecerint,
219 1223 328 1280 sacrilege
337 1223 576 1268 communicarint?hn
586 1223 682 1267 daemoni
690 1237 740 1279 pro-

60 1283 166 1329 miserint
177 1299 201 1328 se
212 1298 324 1339 nunquam
335 1285 424 1341 integre
442 1284 583 1328 confessuros
594 1287 617 1327 et
631 1284 739 1328 allaturos

61 1342 82 1386 ei
93 1356 169 1386 sacras
180 1344 265 1386 hostias
277 1344 286 1385 2
298 1344 319 1387 5,
331 1345 385 1392 Quae
397 1346 478 1386 damna
489 1344 608 1387 intulerint
620 1343 737 1397 proximis,

61 1415 139 1446 eorum
156 1402 282 1459 pecoribus,
303 1402 427 1460 frugibus?
444 1402 479 1445 An
497 1417 510 1447 a
531 1403 638 1446 tlaemone,
651 1402 678 1446 ad
698 1403 740 1448 hoc

45 1466 199 1520 unguentum
219 1463 360 1520 acceperint?
376 1464 440 1508 Unde
455 1464 496 1506 hoc
515 1464 648 1518 confectum,
661 1476 690 1505 ex
700 1477 739 1506 re-

58 1523 102 1567 -bus
113 1524 191 1577 sacris,
203 1524 239 1566 vel
251 1537 317 1566 carne
333 1523 425 1566 infantis
437 1523 503 1579 occisi
514 1522 524 1565 2
536 1524 571 1565 An
582 1526 737 1578 tempestates,

60 1582 181 1640 grandines
198 1597 239 1640 ope
250 1583 363 1626 Daemonis
375 1583 470 1626 fecerint
480 1586 503 1626 et
512 1583 540 1625 iis
556 1581 693 1626 nocuerint?
703 1585 739 1626 An

61 1645 183 1697 acceptoa
204 1644 304 1686 daemone
326 1644 432 1696 pulvere,
456 1656 525 1696 eoque
552 1657 629 1697 sparso
651 1656 747 1696 erucas,

61 1700 164 1756 bruchos,
175 1702 282 1755 locustas,
301 1701 393 1745 limaces
404 1701 534 1745 suscitarint
544 1698 553 1744 2
564 1703 599 1744 An
611 1702 662 1758 igne
675 1705 739 1745 exci-

24 1776 36 1794 *
59 1765 109 1808 tato
121 1763 181 1806 aedes
202 1761 382 1818 absumpserint?
394 1763 428 1805 An
446 1762 614 1818 lysandropiam
634 1775 738 1805 exercue-

26 1839 37 1855 *-
60 1821 116 1877 rint,
131 1825 220 1879 spectra
240 1822 359 1876 finxerint,
372 1835 399 1865 an
419 1824 543 1866 daemonem
561 1822 680 1875 inclusum,
699 1828 737 1867 aut

59 1883 167 1941 spiritum
182 1883 318 1926 familiarem
329 1884 455 1936 habuerint,
467 1884 507 1925 sub
526 1897 568 1938 quo
584 1887 663 1938 pacto,
671 1896 737 1938 quam

61 1943 108 1998 diu,
124 1943 153 1986 ad
174 1941 245 1997 quid?
260 1944 295 1985 An
313 1943 422 1986 maleficia
438 1942 570 1986 intulerint?
587 1943 621 1985 An
640 1942 737 1986 infantes

59 2003 155 2049 necdum
176 2001 299 2060 baptizatos
318 1999 435 2058 rapuerint
453 2006 476 2046 et
495 2003 552 2046 alios
570 2002 736 2056 substituerint,

59 2064 117 2108 falso
138 2062 282 2117 baptizarint,
295 2065 346 2105 ante
363 2064 499 2118 baptismum
515 2062 680 2115 interemerint,
698 2077 739 2105 eo-

10 2121 12 2125 *
59 2137 111 2169 rum
127 2135 195 2167 earne
208 2121 236 2166 atl
251 2121 348 2177 magiam
361 2123 394 2166 usi
412 2120 510 2166 fuerint?
521 2122 556 2164 An
568 2122 737 2178 praegnantibus

59 2188 138 2242 partus
151 2182 260 2235 difficiles,
271 2182 321 2225 aliis
334 2184 423 2227 morbos
433 2182 555 2235 causarint,
569 2185 638 2225 ubera
648 2184 736 2226 lactan—

59 2245 117 2291 tium
132 2241 281 2289 exsiccarintl
292 2243 326 2286 An
337 2243 466 2289 inimicitias
479 2256 561 2299 graues
583 2246 606 2287 et
616 2244 667 2286 odia
677 2244 737 2286 inter
