1577 2464
264 71 323 103 anas
339 58 373 114 111,
401 61 475 103 eaeor
490 72 523 104 xu
688 60 732 105 361

55 162 131 207 mundi
142 158 284 262 honorum,e
286 159 399 213 tavolupt
400 160 456 201 tum
469 159 511 202 His
522 159 626 218 voluntas
641 162 733 203 seducta

56 235 113 265 novo
133 220 221 288 capitur
244 222 386 262 t¹errenorum
407 231 483 260 amore
492 205 624 273 ,tanquam
646 221 739 275 grande

55 280 159 336 amplecti
162 286 199 324 tui
202 280 335 335 ,tequodan
345 250 574 333 tanquaminaineabj
558 281 663 322 Jteeera
642 279 733 334 t,'-hor
759 315 762 320 .

55 344 91 385 ret
101 341 190 396 gravia,
202 314 226 382 99
243 343 350 393 tanquam
369 338 452 393 gravia
466 337 525 394 fugit
529 371 533 392 ,
546 351 596 392 quae
614 314 665 382 antei
680 344 733 383 tan-

55 414 121 456 quam
139 401 199 443 levia
223 399 409 454 amplectebatur,
429 401 506 455 utpote
526 398 634 441 destituta
655 399 733 454 vigore

55 461 180 503 eharitatis.
201 460 251 501 Non
271 458 368 499 abstinet
387 457 476 511 quidem
496 457 567 512 primo
587 459 614 498 ab
633 461 733 501 omnibus
776 475 778 478 ’

56 520 134 563 mediis
147 517 299 575 perfeetionis,
311 522 368 571 orat,
382 517 421 560 sed
430 515 478 561 sine
489 516 621 570 attentione,
633 518 656 560 et
666 513 745 559 reve-'

56 581 143 631 rentia3
167 591 231 621 sacra
241 597 242 600 ¹
252 579 364 634 lllysteria
383 578 521 633 frequentat,
545 578 583 620 sed
603 576 650 620 sine
660 615 662 617 .
672 582 734 621 reeta

7 637 10 645 '
55 639 187 683 intentione.
204 638 302 680 Tandem
315 638 393 693 incipit
408 638 521 690 omittere,
534 651 584 692 quae
600 637 648 680 siue
665 651 734 693 supe-

55 699 122 742 rioris
133 698 307 754 reprehensione
319 698 423 741 omittere
434 703 517 753 potest,
531 701 553 740 et
565 698 680 752 negligere
690 711 733 740 non

56 772 108 800 raro
125 757 257 799 orationem.
271 758 312 799 His
329 758 425 811 primum
446 759 563 800 contentus
582 762 616 799 est
636 758 731 809 daemon,

56 817 133 859 deinde
145 816 235 859 adducit
247 818 275 859 ad
288 816 413 872 neglectum
423 816 495 858 omnis
507 815 608 858 exercitii
623 815 733 871 spiritua-

55 877 83 920 lis
90 889 95 930 3
102 880 150 924 tum
159 877 247 920 demum
257 877 320 931 illum
330 877 462 931 aggreditur
473 876 527 919 lorti
537 877 669 927 tentatione,
678 881 701 919 99
710 877 732 918 999

55 936 150 980 mortale
159 936 294 993 praecipitat,
304 936 468 992 praecipitatum
478 936 551 978 reddit
560 936 593 978 sui
601 939 731 991 pertaesum,

55 1010 190 1051 accensoque
196 996 232 1038 liic
239 998 339 1052 appetitu
347 996 452 1039 irascibili
460 997 581 1051 depeecato
588 995 609 1037 in
617 998 732 1052 peceatum

27 1092 28 1096 ,
55 1052 196 1112 praecipitat,
204 1060 227 1098 et
238 1062 277 1098 aut
287 1069 300 1098 a
310 1055 362 1108 fide,
376 1059 414 1099 aut
426 1070 438 1097 a
449 1056 567 1111 Religione
579 1056 676 1107 abducit,
692 1069 733 1099 ve-

55 1117 199 1170 rideaturque
208 1116 231 1157 in
243 1130 269 1157 eo
280 1116 335 1157 illud
347 1116 412 1158 Deut.
426 1127 513 1157 xxvia:
526 1116 643 1158 Parauaea
652 1119 672 1158 99
682 1114 733 1158 Πο-
759 1128 761 1130 ’

55 1174 287 1225 inplorandam
309 1174 385 1217 credita
372 1177 415 1218 9999.
428 1175 478 1216 Huc
494 1175 613 1230 prolabuut
595 1188 641 1216 iur
654 1174 732 1230 tepidi,

56 1239 89 1278 es
91 1248 170 1289 quc
156 1235 204 1287 lios,
224 1236 276 1277 ante
291 1235 392 1277 multum
376 1247 586 1300 npiogressos,[
579 1234 733 1277 difficillimum

56 1307 143 1349 curare,
157 1295 180 1336 99
170 1293 219 1337 tad
229 1293 343 1336 ferrarien
321 1290 472 1348 irevocare3
486 1294 537 1397 quia
546 1293 620 1338 verita
621 1297 655 1338 tes
666 1307 734 1337 evan-

56 1353 142 1410 gelieae,
156 1354 234 1409 quibus
247 1355 369 1409 perspectis
381 1358 509 1410 peccarunt,
523 1369 565 1396 non
577 1354 673 1411 amplius
683 1368 733 1409 mo-

55 1419 117 1468 vent,
131 1417 154 1457 99
168 1414 291 1457 novissima
302 1427 345 1457 non
356 1417 450 1458 terrent.
463 1415 527 1457 Unde
540 1414 597 1458 dixit
611 1415 732 1468 Apostolus

55 1475 125 1516 Heln.
139 1485 178 1516 vr.
192 1473 335 1528 Irrrpossa‘bc'lc
352 1477 384 1517 999
405 1486 448 1523 cos,
469 1474 509 1529 pari
523 1473 588 1517 9999999
604 1474 734 1516 illuminati
782 1503 786 1527 s,

55 1545 99 1635 pus
101 1535 187 1576 tarnaco
166 1532 283 1576 9999999999
285 1532 414 1636 delectante,
427 1535 448 1577 99
460 1531 566 1590 prolapsi
576 1535 638 1586 999999,
650 1544 733 1578 99999999

55 1605 161 1638 9··999999999
139 1593 200 1637 999
209 1597 291 1648 pce
319 1605 372 1636 9.
386 1593 464 1649 Itaque
481 1593 617 1636 Coniessarii
629 1594 681 1646 erit,
694 1596 734 1636 aut

56 1652 140 1695 malum
152 1656 299 1708 praevertere,
313 1656 352 1696 aut
365 1653 414 1709 jam
430 1653 575 1696 invalescenti
584 1653 655 1709 prius,
666 1666 734 1709 quam

57 1713 85 1755 ad
96 1716 198 1755 extrema
209 1712 322 1765 deveniat,
336 1726 427 1755 manum
440 1713 549 1755 medicam
558 1714 672 1756 adhibere.
685 1714 734 1757 lni-

57 1772 212 1828 tiumteporis
229 1771 354 1825 difficulter,
366 1787 498 1828 progressus
515 1775 589 1816 autem
608 1772 657 1831 ejus
668 1773 734 1816 facile

57 1832 184 1876 advertitur
197 1845 201 1875 :
214 1832 231 1875 si
241 1832 300 1875 enim
310 1833 386 1876 sedulo
397 1833 530 1882 discutiatur
542 1833 623 1887 oratio,
636 1834 734 1878 mortifi—

48 1892 124 1946 catio,
144 1894 222 1936 modus
239 1892 361 1947 'resistendi
382 1895 553 1942 tentationibus,
569 1894 687 1950 dispositio
706 1896 733 1935 ad

58 1955 207 2006 sacramenta,
221 1965 284 1995 amor
298 1951 434 2007 solitudinis,
447 1953 582 1997 desiderium
594 1953 733 2011 proficiendi,

51 2013 183 2068 apparebit,
195 2027 223 2054 an
234 2012 392 2067 progrediatur
403 2014 426 2055 999
438 2014 532 2066 virtute,
544 2027 571 2055 an
582 2015 678 2069 deficiat.

87 2072 167 2116 Modus
178 2073 269 2116 curandi
282 2071 317 2114 9999
326 2085 374 2114 esse
386 2074 472 2128 poterit
484 2074 548 2117 :Non
562 2076 616 2117 adeo
628 2086 736 2129 progres-

51 2145 95 2176 sus
104 2133 211 2189 jubeatur
226 2131 300 2176 onmia
316 2133 425 2177 exercitia
443 2132 568 2178 devotionis
584 2135 684 2188 neglecta
695 2145 735 2176 re-

59 2206 156 2249 sumere,
166 2196 189 2237 et
197 2195 253 2236 bene
264 2204 380 2248 peragere,
390 2195 412 2235 et
423 2193 489 2236 iaeile
498 2195 526 2237 ad
536 2192 629 2237 meliora
636 2193 719 2235 redibit
729 2205 733 2242 ;

57 2252 137 2298 deinde
159 2253 187 2298 ad
204 2255 303 2297 mentem
324 2256 416 2295 revocet
435 2254 548 2308 J'aeturam
567 2255 654 2309 gratiae,
666 2251 737 2309 liujus

221 2350 302 2383 Reman.
317 2345 509 2382 Nnc-eorrussimus.
518 2364 542 2372 -
551 2347 570 2380 21

373 2409 376 2429 9
