1577 2464
285 165 345 197 rans
361 165 387 208 n,
404 142 478 196 eaeor
493 166 516 195 ir
596 165 599 171 ¹
692 155 736 200 129

737 232 740 249 l

56 258 124 312 quam
134 252 158 298 in
175 253 317 301 uirtutibus,¹
328 252 408 308 quibus
424 253 492 295 homo
508 253 611 297 Creatori
622 266 661 297 suo
677 255 736 297 assi·

55 315 159 368 milatus,
175 314 243 357 sitam
254 325 303 356 esse
317 311 427 356 noverat?
438 314 534 356 Demum
542 312 647 368 injungat
663 315 737 368 poeni-

17 391 19 393 ·
55 374 160 429 tentiam,
179 372 327 417 conformiter
343 375 396 415 ante
408 373 483 427 dictis,
495 372 625 416 excessibus
638 372 684 415 illis
696 387 737 428 op-

56 434 167 491 positam3
178 445 246 489 qnam
257 432 276 474 si
288 432 344 474 nolit
355 432 584 487 admittere‚‚quando
596 431 644 474 sine
655 432 738 474 incom-

57 494 123 536 modo
134 497 217 548 potest,
230 505 272 534 non
285 496 320 534 est
331 491 440 546 disposita
447 492 479 533 ad
490 491 661 534 absolutionem.
676 517 678 520 v
717 507 719 510 ·
766 495 768 500 '

89 552 140 596 112.
151 576 181 584 -
190 551 261 608 Resp.
270 550 312 595 ΙΙΙ.
326 550 350 595 Si
360 564 409 607 quac
420 551 562 607 interroget:
574 552 597 593 1Ο
609 552 686 599 Qualis
698 550 740 593 sibi

58 612 126 655 liceat
144 615 237 654 ornatus
255 610 371 666 corporis?
388 611 459 654 2⁰An
474 611 543 655 liccat
562 624 586 655 se
602 611 740 666 conspicien-

60 672 112 716 dam
123 671 225 728 praebere
245 684 259 714 a
276 684 319 727 quo
330 669 393 714 novit
411 684 435 715 se
453 670 552 727 turpiter
570 669 658 714 amarit
669 671 694 714 3ο
705 673 740 714 An

59 731 128 775 liceat
137 731 179 774 sibi
189 732 217 783 ab
229 744 254 773 eo
266 732 386 775 admittere
398 730 507 774 munerat
518 733 542 774 4⁰
553 731 589 774 An
598 731 660 774 licite
670 731 742 785 possit

60 792 194 845 permittere
203 790 312 844 osculum,
322 790 339 834 si
352 790 401 846 ipsa
411 790 469 833 nihil
477 790 533 833 mali
543 789 660 834 intendat?
672 791 696 833 5⁰
706 791 742 833 An

61 850 110 893 sine
121 854 213 907 peccato
226 850 301 906 possit
309 849 371 893 adire
383 850 491 894 choreas?
500 852 691 907 Respondendum

91 911 126 954 Ad
138 910 240 953 Primum
254 922 258 952 ε
271 910 370 954 Licitum
382 924 430 954 esse
442 914 546 954 ornatum
559 911 660 967 corporis
672 910 742 956 statui

61 973 85 1014 et
96 983 198 1027 personae
211 970 381 1013 convenientem
396 983 400 1013 :
413 971 463 1012 fieri
475 976 550 1014 autem
560 971 680 1014 venialiter
691 984 742 1013 ma-

62 1031 118 1083 lum,
133 1030 152 1075 si
163 1031 203 1073 fiat
214 1031 242 1073 ad
253 1031 386 1085 captandam
397 1043 480 1073 vanam
494 1030 600 1085 gloriam,
612 1032 650 1074 vel
666 1045 694 1074 ex
705 1031 743 1073 in-

7 1109 8 1113 *
62 1089 162 1133 tentione
182 1090 305 1146 mentiendi
326 1089 516 1146 pulchritudinem
541 1102 547 1132 t
571 1103 636 1145 posse
656 1103 743 1146 quoque
781 1113 783 1116 ·

63 1151 160 1193 evadere
174 1150 278 1202 mortale,
292 1149 311 1192 si
321 1150 387 1193 fieret
402 1162 453 1193 curn
469 1150 535 1204 gravi
554 1151 691 1198 detrimento
706 1150 744 1193 fa-

64 1205 134 1268 miliae
153 1209 191 1251 vel
211 1209 313 1262 alterius,
329 1209 366 1252 vel
378 1211 438 1267 esset
451 1209 518 1253 valde
530 1210 557 1253 ad
568 1209 682 1253 luxuriam
694 1223 746 1266 pro·

64 1282 157 1322 vocaus,
169 1272 203 1322 ut,
216 1268 236 1312 si
253 1268 368 1312 incederet
378 1271 470 1324 pectore
485 1269 551 1313 valde
569 1269 689 1323 denudato,
706 1273 745 1314 aut

64 1329 148 1372 leviter
159 1331 248 1372 tantum
264 1331 334 1374 tecto,
345 1328 383 1369 vel
393 1329 456 1364 aliud
466 1328 538 1372 araxe
548 1329 633 1373 malum
643 1330 744 1375 intende·

64 1394 136 1432 retur.
480 1387 483 1392 Α
723 1434 733 1445 ,,

68 1472 69 1476 =
95 1449 130 1492 Ad
142 1449 269 1492 Secundum
287 1461 291 1492 ῑ
311 1449 334 1491 Si
348 1448 422 1492 animo
437 1463 480 1491 non
496 1449 556 1492 malo
574 1450 689 1505 procedat,
702 1450 746 1494 sit-

65 1522 109 1564 que
118 1508 293 1561 velnecessitas‚
306 1508 343 1552 vel
352 1508 493 1552 rationabilis
503 1523 578 1562 cansa,
588 1523 653 1567 posse
663 1510 746 1553 cumli-

66 1568 110 1612 eite
122 1568 204 1623 facere,
218 1570 275 1624 quod
291 1568 342 1611 aliis
354 1569 453 1628 honestis
462 1571 598 1625 permissum
607 1573 642 1613 est
656 1581 661 1612 :
674 1583 746 1627 neque

67 1628 126 1671 enim
138 1630 184 1681 dat,
197 1630 236 1672 sed
246 1629 304 1672 alter
314 1629 395 1685 accipit
404 1630 541 1682 scandalum,
554 1631 612 1686 quod
620 1630 640 1673 is
651 1631 694 1674 sibi
705 1631 747 1675 irn-

67 1692 148 1744 putare
165 1689 244 1741 debet3
264 1702 304 1731 neo
322 1689 372 1730 ideo
390 1689 440 1744 ipsa
450 1690 560 1744 privanda
575 1693 609 1733 est
624 1690 677 1746 jure
697 1703 745 1733 suo.

68 1749 139 1790 Juxta
149 1747 231 1789 Sanoh.
245 1761 289 1790 nou
299 1751 404 1803 peccaret
414 1748 524 1803 graviter,
537 1749 557 1792 si
568 1749 747 1806 conspiciendam

69 1822 92 1851 se
115 1808 242 1863 proeberet,
261 1820 283 1850 v.
303 1820 326 1863 g.
345 1821 372 1850 ne
389 1808 464 1864 privet
483 1821 506 1852 se
524 1809 631 1853 libertate
651 1809 748 1854 exeundi

70 1869 143 1919 domo,
156 1870 210 1921 etc.;
223 1879 287 1910 secus
307 1871 376 1925 esset,
392 1868 422 1910 sit
436 1868 490 1911 data
504 1879 583 1904 nnana.
599 1869 684 1925 ehsque
701 1869 749 1913 ulla

70 1941 145 1981 eausa,
159 1926 183 1970 id
193 1925 286 1969 faceret.
608 1931 613 1940 ¹

100 1989 135 2031 Ad
146 1987 257 2031 Tertium.
270 1986 316 2030 rix
328 1988 471 2033 excusabitur
481 2003 494 2033 a
503 1989 594 2034 mortali
605 1990 657 2046 quia
668 2003 750 2047 accep-

72 2050 139 2091 tando
150 2059 244 2090 munera
254 2047 317 2088 fovet
326 2048 420 2091 alterius
431 2049 545 2105 impurum
554 2063 663 2104 amorem,
676 2062 750 2107 spem-

9 2118 11 2123 ·
71 2122 114 2163 que
131 2107 166 2151 illi
180 2106 235 2150 facit
254 2105 368 2149 obtinendi
385 2121 518 2153 consensum
536 2112 564 2153 ad
578 2110 663 2165 turpia,
683 2114 706 2152 et
726 2122 750 2152 se

55 2169 57 2171 ’
73 2167 165 2222 exponit
175 2165 274 2221 periculo
285 2165 424 2221 concipiendi
434 2169 519 2211 malum
533 2182 641 2211 amorem.

103 2227 138 2269 Ad
149 2226 267 2275 Quartum.
280 2225 363 2269 Peccat
373 2227 477 2280 graviter
486 2228 624 2273 admittendo
636 2242 648 2272 a
658 2227 699 2272 tali
711 2240 751 2272 os·

73 2286 147 2331 culum
162 2299 167 2330 :
180 2286 233 2342 quia
245 2287 379 2342 cooperatur
395 2286 444 2342 ejus
455 2292 555 2344 peccato.
571 2289 601 2332 Et
615 2287 748 2341 universim,

74 2348 93 2392 si
105 2360 147 2391 non
162 2346 221 2393 adsit
236 2359 303 2392 causa
312 2344 459 2394 'rationabilis
470 2348 558 2396 bonesti
569 2347 661 2404 amoris,
677 2347 750 2394 absit-
