1577 2464
104 26 106 29 >
143 20 163 48 ¹.
229 19 316 66 ,rins
332 11 364 62 ri,
383 10 459 49 enarr
474 18 499 49 1v
675 6 724 52 161·

37 117 80 152 seu
94 94 191 164 spurias,
204 106 276 163 iisque
287 104 416 164 providere,
429 104 499 148 donec
513 103 575 147 alere
590 117 614 148 se
623 106 717 161 possint.

39 165 155 215 Quomodo
170 166 194 210 hi
209 167 328 211 succedere
339 163 427 223 possint
438 163 578 220 parentibus,
590 164 686 210 habetur
696 163 722 211 in'

39 228 139 271 tractatu
155 228 182 270 de
198 224 342 272 testamentis
359 228 384 268 et
400 224 549 280 successione,
571 226 595 268 et
610 225 669 282 apud
686 225 719 271 La

39 285 109 331 Oroix
120 286 261 344 1.1111,=p.2,
273 299 296 329 n.
309 283 384 329 1163„

69 345 94 390 5⁰
111 346 136 391 Si
151 346 230 390 liberis
246 346 331 401 negent
346 343 395 389 sine
414 357 482 389 causa
496 343 561 402 justa
579 343 722 389 haereditatis
765 365 769 367 ·
786 349 788 351 ’

40 417 88 450 suae
98 407 187 463 partem
196 404 332 461 legitimam.
341 404 397 449 Haec
406 402 492 460 exjure
501 404 623 456 communi,
633 406 722 459 quando
765 416 767 419 ·

40 465 117 521 plures
128 467 181 508 sunt
191 476 259 519 quam
268 464 291 516 4,
300 464 336 507 est
345 462 456 507 medietas
462 463 581 507 bonorum.
592 462 662 507 Secus
674 466 722 508 tan·

40 525 90 568 tum
97 523 168 568 tertia
175 522 295 580 parsinter
305 522 390 567 liberos
399 522 528 576 dividenda,
540 523 607 566 modo
617 522 671 567 talis
681 524 719 575 sit,

40 585 66 628 ut
77 583 195 629 accedente
210 582 334 628 liberorum
350 582 463 630 industria
477 582 638 629 convenienter
650 584 719 629 statui

41 644 225 704 possintvivere.
614 673 627 699 χ

71 703 96 748 60
107 704 135 748 Si
143 704 224 759 tilium,
239 703 277 747 vel
287 702 358 748 filiam
369 705 451 760 cogant
461 702 553 760 ingredi
565 702 720 760 Religionem,

41 766 82 809 aut
92 764 120 809 ab
132 776 159 807 ea
172 763 297 819 impediant
308 762 350 821 (1),
365 764 467 820 negando
482 762 620 820 legitimam,
631 763 670 807 vel
680 764 721 807 do-

42 825 102 879 tem,
115 822 167 880 quia
175 822 241 867 liberi
250 824 288 880 Jus
300 822 384 867 habent
394 822 493 881 eligendi
503 825 598 878 statum,
611 825 635 867 et
645 822 721 879 impe—

41 883 130 928 dientes
140 883 167 926 ab
179 895 206 927 ea
221 883 269 927 sine
278 883 342 940 J'usta
353 894 429 936 causa,
441 885 481 927 aut
493 883 521 926 ad
537 895 589 926 eam
602 884 719 939 cogentes,

40 941 92 1000 ipso
109 941 170 988 facto
189 944 242 987 sunt
259 942 447 987 excommunicati
462 954 503 998 per
520 942 584 987 Trid.
606 955 663 988 sess.
681 941 720 997 25,

41 1016 91 1059 cap.
104 1015 162 1058 xvn,
179 1002 206 1046 de
217 1002 300 1059 Regul.
314 1002 380 1051 ,Quod
389 1001 409 1046 si
423 1004 506 1058 cogant
520 1001 665 1060 Religionem
678 1014 722 1047 vo-

41 1063 124 1108 lentes,
133 1062 222 1120 ingredi
241 1062 372 1107 renuntiare
389 1062 454 1106 bonis
468 1064 492 1106 et
508 1063 599 1119 Juribus
610 1063 665 1118 suis,
678 1076 722 1107 non

41 1125 131 1169 tantum
148 1122 251 1180 graviter
267 1126 369 1180 peccant,
388 1122 427 1168 sed
442 1123 582 1168 renuntiatio
596 1124 632 1167 est
646 1122 722 1180 reipsa

40 1183 117 1236 irrita,
131 1182 184 1237 quia
194 1181 356 1225 involuntaria.
370 1180 483 1225 Similiter
498 1184 592 1238 peccant
607 1182 720 1239 graviter,

43 1242 64 1287 si
72 1245 163 1298 cogant,
173 1244 199 1285 ut
209 1253 253 1284 non
262 1241 340 1285 ineant
350 1241 533 1298 matrimonium
546 1255 611 1286 secus
621 1243 691 1296 esset,
703 1241 722 1286 si

41 1304 154 1347 tantuma
164 1301 234 1349 certis
243 1300 328 1359 nuptiis
339 1301 367 1345 ob
375 1301 462 1358 justam
473 1313 565 1346 causam
575 1301 721 1359 impedirent,

41 1361 81 1405 vel
91 1362 120 1406 ad
130 1363 205 1406 certas
221 1361 323 1406 suaviter
337 1360 453 1418 inducant,
470 1361 540 1407 modo
548 1364 673 1406 caveantur
684 1361 722 1405 in-

42 1422 167 1469 commoda.
441 1434 443 1437 ’
717 1452 719 1455 <
771 1467 772 1470 ,

71 1480 97 1525 7⁰
108 1481 141 1535 si,
154 1483 263 1538 quantum
270 1479 294 1526 in
303 1479 359 1538 ipsis
365 1482 409 1535 est,
418 1494 463 1526 non
473 1483 562 1535 curent,
571 1480 726 1526 utbonismo·

20 1565 24 1577 2
41 1541 105 1588 ribus
120 1541 271 1597 instruantur,
289 1541 430 1598 discantque,
445 1554 496 1598 quea
510 1541 626 1587 advitam
643 1541 727 1595 Chris-¹

28 1602 128 1651 .tianam
144 1601 260 1659 pertinent
276 1613 371 1658 eamque
381 1602 477 1657 ducant;
489 1601 509 1646 si
524 1602 661 1659 permittant
675 1602 724 1647 fre-

42 1664 152 1721 quentare
163 1661 223 1705 mela
239 1662 362 1716 consortia,
377 1661 455 1705 fovere
466 1661 558 1707 illicitos
569 1675 667 1717 amores,
679 1666 723 1707 eto.
759 1681 760 1684 ¹

73 1721 98 1765 8⁰
107 1722 131 1766 Si
142 1721 235 1765 mittant
244 1720 272 1763 ad
283 1721 372 1764 scholas
382 1721 512 1774 haereticas,
524 1724 564 1765 aut
574 1723 603 1765 ad
614 1721 665 1778 loca
675 1722 724 1767 hae-

42 1780 123 1836 retica,
135 1780 212 1825 utsuo
223 1779 334 1835 magistro
344 1780 453 1825 haeretico
461 1780 665 1837 jurisprudentiam
676 1782 724 1827 dis-

42 1843 96 1885 cant
107 1853 112 1883 :
123 1840 232 1897 paulatim
240 1839 300 1882 enim
308 1839 429 1894 imbibunt,
438 1843 478 1884 aut
486 1841 567 1884 saltem
578 1840 725 1885 emolliuntur

43 1899 73 1945 ad
92 1913 190 1953 errores,
201 1898 310 1956 incipiunt
323 1898 419 1944 minoris
429 1900 544 1945 aestimare
560 1913 691 1958 supremum
702 1901 725 1945 in

43 1958 113 2005 terris
129 1959 214 2005 Christi
229 1957 355 2014 vicarium,
372 1959 396 2003 in
406 1973 474 2018 quem
494 1961 626 2006 scommatis
643 1964 667 2006 et
685 1963 725 2007 ca·

68 2072 92 2120 (l)
104 2084 116 2108 «
125 2072 202 2109 Omnino
213 2070 309 2122 tepentium
319 2080 359 2107 oum
376 2073 468 2109 communi
482 2073 518 2111 no.
533 2075 630 2119 sententie,
644 2075 677 2111 lios
693 2084 726 2119 pa-

44 2127 104 2157 rentes
113 2130 186 2165 peccare
197 2120 280 2165 graviter,
292 2119 322 2164 qui
336 2118 374 2154 siue
384 2118 447 2155 fraude
456 2126 488 2155 aut
497 2122 520 2163 vi,
531 2122 568 2155 site
580 2121 672 2167 precibus,
681 2131 725 2164 pro-

44 2167 160 2203 missionibus
169 2171 200 2201 nm
208 2166 244 2201 alio
253 2166 305 2201 modo
315 2164 360 2201 tilios
374 2173 385 2200 a
400 2165 487 2213 religione
503 2167 611 2205 distrahunt.
621 2179 633 2202 »
642 2166 661 2204 S.
672 2167 725 2214 Alpis.

44 2214 64 2261 t,
73 2214 102 2253 Ἡ,
110 2214 137 2251 Cf.
149 2214 202 2249 Pras.
212 2212 259 2249 conl.
267 2223 285 2249 n.
296 2211 325 2251 34.
