1577 2464
15 107 22 131 ·.
62 68 108 117 350
144 82 503 117 nno-conrnssnams'renorma
518 62 664 116 insumemus

13 204 14 209 ,
63 179 157 222 corpore
169 167 261 218 excitat.
272 168 376 226 Signum,
386 170 466 225 quoda
481 170 582 211 daemone
592 168 622 211 sit
628 168 685 221 solo,
699 171 741 221 est,

63 225 84 273 si
96 227 137 270 fiat
148 241 199 271 eum
210 228 297 284 impetu
311 233 430 285 superante
441 229 502 272 vires
517 231 635 271 consuetas
651 230 742 270 nostra-

63 297 116 331 rum
126 286 265 343 passionum,
285 288 373 346 objecto
388 287 484 342 cumulo,
502 287 539 331 vel
550 287 618 331 turba
629 286 741 330 vivacium

64 346 236 405 cogitationum.
250 349 298 394 Hoc
309 363 380 406 genus
391 351 483 394 vocatur
496 347 589 404 spiritus
600 347 742 401 tentationis,

64 406 88 451 in
105 407 202 452 materia
217 409 305 465 quidem
322 409 409 453 lubrica
430 409 522 465 spiritus
537 408 699 460 fornicationis,
718 408 741 449 in

64 467 163 512 materia
175 468 236 521 fidei,
253 468 346 523 spiritus
361 469 509 520 infidelitatis,
528 467 621 524 spiritus
637 467 744 523 blasphe-

65 527 126 582 miae,
133 530 175 572 ete.
187 528 228 572 His
238 542 281 571 non
290 529 369 571 cedere
380 532 416 572 est
426 529 515 585 signnm
523 528 600 584 magni
611 541 745 583 progressus

19 618 21 622 s
65 586 129 640 facti,
152 588 189 631 vel
209 587 305 630 lactendi
318 600 322 630 :
336 589 373 630 vel
389 589 483 643 denique
495 593 554 631 esta
571 588 635 630 nobis
652 594 675 630 et
694 589 744 629 dae-

66 660 141 699 mone,
154 647 173 691 si
194 661 298 702 nempea
320 648 420 690 daemone
432 651 455 691 et
476 648 744 704 concupiscentianostra

67 707 161 749 oriatur.
174 706 309 762 Hujusmorli
320 713 372 751 sunt
382 708 455 763 magis
466 721 602 761 communes,
616 721 655 750 nee
663 720 744 750 ornnes
765 721 767 723 ·

66 779 128 809 mere
140 768 361 821 praeter-naturales.
373 768 395 809 3.
408 768 526 810 Permittit
537 769 596 810 Deus
607 767 744 809 tentationes

21 840 23 843 ·
66 825 89 867 in
103 826 185 867 bonnm
196 830 306 868 nostrum
322 825 438 871 Certamen
447 828 507 882 ferte
519 826 580 870 dedit
594 826 640 879 rte,
653 830 680 870 et
691 827 746 869 etit·

67 887 131 930 teret.
149 886 236 929 Bonum
248 892 331 940 autem,
344 887 402 942 qnod
414 887 472 931 Deus
486 900 513 930 ex
524 885 552 930 iis
571 886 640 938 elisit,
660 885 743 940 triplex

67 949 109 990 est.
123 946 145 989 1.
162 947 270 1002 Magnum
285 948 448 990 incrementum
460 947 578 1000 virtutum,
595 948 647 1002 quia
658 947 746 989 actibus

65 1005 163 1050 heroieis
174 1010 270 1063 augetur
287 1007 384 1050 habitus.
405 1006 428 1049 2.
441 1007 482 1050 Est
496 1021 579 1062 magna
589 1007 659 1049 animi
678 1012 744 1050 tran-

67 1065 175 1123 quillitas,
188 1080 254 1120 quam
266 1068 326 1121 parit
338 1066 443 1122 frequens
458 1067 561 1119 victoria,
578 1080 627 1120 quae
639 1079 678 1108 nos
700 1067 746 1108 dee-

66 1124 128 1167 moni
139 1125 253 1168 terribiles
263 1125 326 1178 iacit,
334 1126 357 1167 in
368 1126 477 1167 verticem
488 1125 559 1182 ipsius
568 1124 687 1180 iniquitate
696 1123 746 1180 ejus

67 1185 222 1229 descendente.
235 1184 257 1228 3.
270 1185 312 1228 Est
323 1184 450 1242 conjunctio
461 1185 542 1228 animae
553 1199 603 1227 eum
614 1186 669 1232 Deo,
682 1184 746 1239 ejus·

67 1258 111 1300 que
131 1245 340 1299 desponsationum
358 1246 456 1289 Christe.
474 1245 537 1288 Dens
556 1245 652 1288 tentarit
672 1250 707 1287 eor
724 1245 747 1288 et

16 1318 19 1320 ·
67 1303 153 1350 inuenit
167 1303 221 1349 illos
235 1304 316 1362 clipeos
326 1318 355 1350 re,
372 1305 425 1360 Sap.
439 1305 460 1348 3.
482 1304 529 1359 ilci
546 1305 634 1358 ciceret,
654 1303 709 1348 debe
724 1303 746 1348 ei

15 1363 17 1370 ’
67 1364 140 1409 sedere
149 1377 233 1409 preeunt
243 1365 268 1409 ie
282 1365 360 1409 tlercue
371 1373 425 1409 enee.
446 1364 538 1421 Apocal.
552 1364 573 1407 5.
593 1365 673 1419 Sisque
685 1377 744 1419 saepe

64 1424 177 1481 contingit
199 1428 229 1468 ut.
242 1426 396 1478 obnubilatus,
417 1426 469 1468 dum
491 1439 514 1468 se
536 1438 549 1467 a
570 1425 615 1468 Deo
633 1428 745 1467 remotum

66 1490 139 1541 putat,
160 1485 189 1526 sit
199 1484 233 1526 illi
245 1486 397 1540 propinquior.
411 1487 432 1526 4.
450 1484 525 1526 Media
537 1484 651 1540 generalia
666 1488 745 1526 eontra

67 1544 420 1599 quascumquetentationessunt
431 1543 554 1597 humilitas,
567 1542 639 1585 oratio
645 1545 669 1585 et
676 1542 745 1584 lorti-

66 1604 128 1648 tudo.
139 1602 262 1647 Humilitas
271 1606 374 1647 removet
385 1601 544 1658 impedimenta
555 1603 634 1661 gratiae
646 1602 746 1649 auxilia.-

66 1664 147 1708 tricis:
161 1664 220 1707 Deus
232 1664 292 1706 enini
306 1663 409 1719 superbis
428 1664 522 1716 resistit,
535 1664 657 1706 humilibus
668 1667 744 1705 autem

67 1723 106 1767 dat
125 1725 231 1779 gratiam.
250 1724 308 1767 Sunt
323 1723 361 1778 qui
381 1724 408 1766 ad
427 1724 503 1780 turpia
525 1723 614 1775 tentati,
638 1722 744 1765 adhibent

67 1783 240 1827 macerationem
252 1784 352 1839 corporis
364 1785 387 1827 et
395 1787 478 1836 tamen,
487 1784 541 1827 licet
549 1784 589 1826 illa
598 1787 704 1826 caeterum
714 1782 746 1825 sit

67 1846 178 1900 praestans
195 1844 328 1895 remedium,
345 1842 383 1901 vix
399 1843 519 1900 quidquam
537 1843 647 1896 referunt,
665 1856 746 1898 nempe

66 1905 124 1947 latet
135 1904 236 1961 quaedam
252 1904 340 1946 occulta
351 1903 454 1959 superbia
471 1906 494 1948 et
505 1903 593 1947 subtilis
605 1903 744 1957 complacen-

66 1963 102 2007 tia>
116 1965 139 2005 et
155 1963 236 2005 iiilucia
257 1962 375 2005 immodica
390 1963 413 2004 in
434 1963 532 2017 propriis
552 1962 646 2004 viribus.
665 1961 746 2003 Oratio

66 2023 175 2079 impetrat
186 2019 267 2077 gratiae
279 2020 362 2065 auxilia
373 2034 379 2077 ;
389 2020 498 2066 fortitudo
509 2022 538 2065 iis
549 2020 628 2075 utitur,
641 2024 744 2065 removet

67 2081 277 2140 pusillanimitatem
291 2086 314 2125 et
333 2082 504 2140 praefidentiam,
524 2084 640 2137 cavetque,
663 2096 691 2125 ne
706 2085 744 2125 te-

55 2152 129 2199 jmere
139 2155 164 2185 se
175 2142 225 2197 quis
234 2147 331 2197 exponat
341 2142 454 2199 periculis.
466 2143 502 2185 Ex
511 2141 546 2184 his
557 2142 640 2185 deduco
651 2154 744 2198 sequen-

67 2207 102 2247 tes
112 2202 203 2258 regutas
218 2202 335 2256 generales
351 2216 393 2259 pro
403 2203 477 2259 praxi,
490 2214 554 2257 quas,
567 2202 603 2244 ubi
623 2202 745 2246 convenire
772 2215 774 2218 ’

66 2262 188 2318 videbitur,
201 2261 354 2307 Confessarius
364 2261 605 2321 poenitentisuggerat.
