1577 2464
40 83 88 131 270
123 96 356 133 uno-connnssnnlus
372 100 484 134 PRAGTIOE
504 99 644 133 1usrnucnus

44 190 151 245 Patrum,
163 187 202 245 qui
212 188 280 235 fidem
292 192 431 236 Catholicam
443 191 607 249 sapientissime
618 190 726 236 defende-

44 252 99 294 runt
110 261 200 305 semper
209 254 233 294 et
244 251 315 295 secuti
327 254 392 296 sunt:
405 253 530 303 constantia
539 252 677 309 Martyrum,
687 251 726 307 qui

46 310 157 365 sanguine
167 322 207 353 suo
218 310 280 355 illam
292 312 469 358 confirmarunt:
482 312 609 357 miraculat
600 314 635 357 tot
644 312 667 356 in
677 312 726 368 qius

45 368 241 416 confirmationem
254 371 300 415 fac
291 374 322 416 a
333 371 412 421 Quide
425 376 476 418 cont
478 387 503 417 ra
466 373 551 418 thl
551 372 626 426 vinus,
638 372 683 419 Lui
674 372 726 416 ihe-

45 444 93 484 rus,
106 431 191 487 aliique
198 430 319 474 haereticit
330 433 405 487 Atque
417 433 494 476 hacco
482 446 509 489 op
501 434 566 476 nima
576 445 663 488 quoque
676 444 726 474 me-

45 490 129 535 thodus
140 491 175 535 est
191 490 322 533 haereticum
335 491 491 546 convincendi,
504 495 600 562 praeseri
601 494 632 535 im
643 492 662 535 si
679 468 753 534 sinel

48 550 205 621 altercatione,
217 551 317 594 modeste
328 565 368 608 per
376 552 501 596 discursum
512 553 556 597 ista
563 555 762 609 proponuntur,

43 611 92 656 et'
43 611 130 668 eipsi
147 609 303 665 relinquantur
319 611 489 666 consideranda,
505 614 625 669 implorato
602 611 728 657 tlumine

43 670 133 726 divino,
151 673 301 726 conceptaque
314 671 449 718 contritione
464 673 491 715 de
502 674 600 729 peccatis
611 685 661 718 cum
673 683 728 728 pro·
752 685 754 695 2

48 731 122 788 posito
133 732 180 774 Deo
191 730 311 773 serviendi.

78 789 131 834 200.
144 813 174 822 -
185 789 264 834 nnis
279 799 416 846 praemissis,
435 795 547 835 docendus
568 799 626 835 scitu
642 794 665 835 et
682 803 729 834 cre-

43 849 96 895 ditu
105 849 241 901 necessaria,
252 849 272 893 si
283 851 377 905 nesciat,
388 851 602 907 ostendendumque,
615 850 728 907 inquibus

45 910 159 956 ¹Catholici
173 922 224 952 cum
236 909 348 955 haereticis
359 911 502 963 conveniant,
519 924 542 956 v.
555 925 577 968 g.
596 910 654 967 quod
669 910 729 956 Deus

45 970 79 1016 ,sit
88 971 153 1014 Unus
165 968 189 1012 in
199 969 297 1024 Natura,
314 974 337 1014 et
350 970 434 1020 Trinus
451 971 474 1013 in
489 971 605 1023 Personis,
622 983 730 1014 remune-
748 1009 752 1014 .

48 1032 112 1075 rator
122 1031 241 1083 bonorum,
255 1032 278 1073 et
292 1030 376 1074 vindex
390 1031 518 1083 criminum,
531 1034 574 1075 etc.
590 1031 676 1074 Deinde
687 1030 739 1073 1111-Ὶ

48 1089 147 1146 ducendi¹
161 1088 261 1143 articuli,
285 1088 308 1132 in
333 1090 413 1147 quibus
434 1090 545 1135 Catholici
565 1091 593 1134 alo
615 1089 740 1134 haereticis,

5 1186 7 1188 .
41 1150 186 1208 discrepant,
194 1152 220 1193 ut
228 1150 255 1193 de
264 1149 328 1193 bonis
336 1150 451 1206 operibus,
461 1151 488 1194 de
497 1163 590 1194 numero
599 1162 729 1196 sacramen-

49 1214 133 1261 torum.
146 1211 173 1256 de
184 1209 325 1268 purgatorio,
337 1210 399 1254 cultu
413 1210 555 1265 Sanctorum,
573 1209 729 1256 communione

38 1269 91 1330 ,sub
102 1273 197 1326 utraque
209 1269 291 1326 specie,
302 1273 325 1314 et
332 1270 439 1327 quidquid
450 1271 521 1327 ipsius
530 1271 645 1315 erroribus
656 1269 730 1327 magis

49 1331 190 1376 contrarium
204 1333 248 1385 est,
263 1332 286 1373 et
296 1329 357 1381 inter
368 1333 460 1384 caetera,
473 1332 530 1386 quod
542 1333 657 1384 Romanus
668 1330 731 1373 Pou-

49 1390 108 1436 til'ex
118 1391 149 1435 sit
164 1389 270 1433 Vicarius
286 1389 380 1443 Ohristi,
398 1391 514 1446 Oaputque
531 1390 650 1443 Ecclesiam
667 1389 745 1445 quia,

48 1463 102 1497 cum
112 1448 216 1496 Christus
227 1449 275 1507 ipse
292 1449 389 1494 risibilis
407 1450 471 1494 nobis
487 1450 583 1507 amplius
599 1463 643 1494 non
659 1448 729 1506 adsit3

50 1514 76 1556 ut
86 1511 229 1565 haberemus,
240 1510 268 1554 ad
277 1522 344 1567 quem
354 1524 532 1565 recurreremus,
544 1525 609 1567 aquo
621 1511 731 1567 guberna·
745 1542 747 1544 -

30 1609 32 1612 .
49 1584 137 1628 remur,
155 1584 246 1616 necesse
263 1574 313 1615 erat
329 1570 399 1617 statui
416 1571 533 1616 Vicarium
549 1571 634 1627 Capitis
649 1570 732 1615 invisi·
760 1573 767 1580 ”

48 1631 111 1677 uilis.

81 1690 135 1737 201,
142 1714 173 1724 -
179 1689 202 1735 5.
210 1690 254 1735 Ubi
261 1695 448 1736 satlsrusnrucnus
456 1703 527 1736 erum
534 1699 602 1735 retus
608 1689 668 1745 fidei,
675 1686 734 1746 priu-

51 1752 165 1809 parandus
171 1751 206 1794 est
213 1751 241 1794 ad
250 1750 427 1802 Confessionem‚
437 1752 459 1794 et
468 1750 495 1793 ad
504 1749 682 1797 communionem
688 1748 733 1794 rite

49 1810 226 1868 suscipiendam,
242 1809 375 1867 explicando
385 1811 519 1854 sacramenti
530 1810 670 1868 poenitenliae
679 1822 734 1866 par-

52 1874 102 1927 tes,
123 1870 222 1915 fructum
240 1870 303 1915 illius
329 1873 353 1915 et
368 1871 541 1928 communionis3
561 1872 584 1915 et
599 1882 627 1914 ne
645 1869 738 1915 confes*

47 1931 139 1979 sionem
148 1931 347 1987 apprehendatut
321 1930 424 1975 utnimis
435 1931 556 1986 difficilem,
565 1932 663 1987 exponat
664 1942 691 1974 ur
653 1929 735 1975 tilli

52 1991 164 2047 obligatio
175 1990 245 2045 sigilli
264 1965 443 2045 saciamentalis,
456 1994 546 2036 moneat
548 2002 626 2046 unque,
644 1992 670 2035 ut
680 2001 737 2047 per·

52 2054 257 2118 curratpraecepta
267 2049 382 2107 Decalogi,
395 2052 530 2105 occasiones,
542 2051 612 2120 negot
612 2049 708 2105 iasua,
713 2050 737 2097 el

48 2124 104 2171 qua
114 2109 264 2164 occurrerint,
247 2110 369 2154 tadhibit
360 2115 383 2154 ta
394 2111 475 2157 morali
487 2110 615 2169 diligentia,
634 2108 749 2156 confiteri

44 2178 97 2217 Ι11111
108 2171 240 2225 erubescam
253 2172 345 2228 peccata
359 2174 437 2216 nostra
454 2173 493 2216 not
494 2185 508 2215 a
522 2185 571 2215 esse
588 2171 645 2227 Deo,
656 2168 738 2216 coufu-

52 2232 140 2277 sionem
150 2231 224 2285 illam,
242 2243 310 2286 quam
321 2230 430 2276 Deusl
391 2233 430 2278 vol
431 2233 465 2278 uit
472 2245 516 2278 ,nos
530 2230 605 2276 subire
623 2244 651 2276 ea
666 2229 739 2277 coufl-

52 2292 122 2337 teudo
143 2290 183 2337 11111
195 2289 292 2348 homini,
302 2303 354 2337 esse
371 2294 460 2351 partem
473 2291 615 2350 poenitentiae
633 2290 739 2340 11111111-
