1577 2464
8 53 9 56 ¹
58 64 103 110 124
140 48 656 110 ndo-onurnssssms‘rnacricn'msusuorus
688 117 691 121 ι

3 149 5 151 ,
59 167 125 220 runt3
138 166 182 210 etsi
193 166 281 210 ratione
292 165 387 210 necdum
398 164 516 210 sufficienti
527 167 620 209 utantur
631 164 660 209 ad
670 176 741 220 grave

25 275 27 277 v
58 228 186 327 fecgatum3
198 227 285 281 tamen,
295 225 334 270 ubi
342 227 454 269 incertum
465 228 509 270 est.
519 227 554 270 est
565 225 647 269 animae
657 236 741 268 oonsu-

68 299 93 327 el]
113 297 158 327 Um.

316 386 445 448 erasmo
456 398 487 442 11.

61 493 178 549 tlaorrcodo
195 491 361 552 procedendum
383 490 638 596 cabirrt2adotcsceata'bnr,
660 494 682 538 et
693 490 740 551 ju-

346 565 397 597 ocm
411 565 448 597 us.
508 587 511 591 .

58 650 101 688 loo.
112 651 236 687 Adolescentes
245 650 333 696 quomodo
342 648 470 686 exaininandi‘l
479 668 503 677 -
513 649 553 685 rol.
563 650 610 698 Quid
618 650 642 686 iis
652 659 742 686 commen¹⁴

83 696 175 734 dsiiunn‘l
184 715 205 723 -·
215 696 254 733 los
265 698 307 739 Quae
316 697 339 732 iis
347 697 456 743 poenitentiae
465 696 593 743 iniungenda?
603 715 626 723 -
635 695 676 732 loa.
690 699 742 740 Quo-

34 762 36 766 >
81 744 134 780 modo
144 743 243 779 instruendi
253 743 274 778 de
282 744 369 778 electione
378 742 448 778 status‘l

90 824 141 870 106.
153 846 184 856 ·-
194 825 265 868 Rnsr.
279 823 297 869 Ι.
312 823 337 868 Si
353 824 376 867 in
387 824 524 880 exponendis
536 823 634 881 peccatis
644 823 690 868 suis
703 822 742 867 vi-

59 885 156 929 deantur
166 897 211 927 non
223 884 370 938 satisfecisse,
383 884 509 928 examinari
520 887 621 941 possunt.
638 885 658 930 1.
675 884 742 929 Circa
784 918 785 921 η

58 949 226 1001 peccataque
246 944 322 1000 pueris
340 947 392 989 sunt
409 945 483 1000 magis
500 944 623 998 ordinaria,
648 946 672 988 ut
693 944 739 987 dixi

58 1011 119 1048 ante.
147 1004 170 1047 2.
193 1005 229 1047 An
247 1005 350 1047 dederint
369 1004 435 1047 malis
454 1004 630 1059 cogitationibus
648 1003 741 1047 locunt

57 1063 81 1108 3.
92 1064 128 1108 An
137 1076 182 1106 non
191 1062 260 1109 locuti
270 1063 408 1116 indecentia,
421 1064 534 1116 scurrilia,
546 1062 664 1107 obscoena?
673 1067 694 1107 4.
704 1065 741 1106 An

41 1145 43 1147 ’
57 1126 148 1178 tempus
160 1122 231 1167 otiose
245 1123 408 1177 transegerint,
421 1122 539 1179 pecuniam
549 1129 670 1178 parentum
681 1123 741 1166 dila·

57 1181 197 1238 nidaverint,
213 1182 241 1225 iis
253 1182 306 1237 quid
323 1182 478 1232 subduxerint,
491 1181 557 1225 usalis
575 1181 642 1244 sociis
660 1194 684 1226 se
699 1181 742 1226 ad·

54 1241 184 1299 junxerint,
196 1242 273 1297 turpia
280 1242 377 1285 libenter
388 1241 509 1294 audierint,
522 1242 551 1284 ad
561 1254 588 1284 ea
597 1241 706 1285 riserint?
717 1245 742 1286 et

57 1314 108 1359 quae
119 1300 158 1345 isti
168 1301 299 1345 aetatisuot
313 1301 412 1358 propria.
430 1301 455 1344 In
470 1301 567 1345 materia
578 1301 700 1356 castitatis,
716 1304 742 1345 ut

58 1374 128 1420 supra
138 1360 224 1415 monui,
237 1364 302 1406 caute
313 1366 366 1407 sunt
377 1361 542 1418 interrogandi.

88 1421 141 1466 107.
154 1421 260 1477 —Resp
273 1421 303 1465 II.
317 1422 366 1465 lilis
376 1422 514 1478 specialiter.
527 1421 548 1464 1.
560 1421 741 1476 Commendanda

8 1490 16 1498 ²
57 1480 125 1526 lectio
135 1494 208 1524 sacra.
219 1481 241 1524 2.
250 1481 339 1525 Horror
347 1480 481 1536 injiciendus
489 1480 630 1536 turpiloquii,
638 1483 742 1536 aspectus

21 1573 23 1577 f
56 1539 142 1586 morosi
158 1540 254 1584 alterius
272 1554 348 1597 sexus,
369 1540 489 1584 familiaris
509 1553 559 1583 cnm
577 1554 603 1583 eo
619 1553 743 1584 conversa-

57 1601 136 1644 tionis.
152 1600 175 1643 3.
191 1600 313 1643 Induocndi
331 1603 384 1643 sunt
402 1602 426 1642 ut
437 1611 489 1642 suas
500 1599 636 1642 tentationes
647 1598 743 1643 fidenter

4 1661 8 1662 ⁷
57 1659 171 1717 aperiant,
181 1672 209 1701 ne
218 1659 298 1702 mediis
307 1658 411 1702 destituti
417 1659 569 1703 succumbant.
581 1660 602 1701 4.
611 1660 643 1702 Ut
653 1660 743 1714 fugiant

57 1719 130 1763 malos
145 1719 216 1762 socios
234 1718 298 1763 velut
312 1717 419 1762 daemonis
437 1719 574 1771 emissarios,
591 1719 676 1762 nemini
696 1721 743 1764 sint

58 1778 128 1824 nimis
138 1777 282 1823 familiares:
300 1778 448 1822 Sacramenta
462 1777 602 1835 poenitentiae
621 1783 644 1823 et
655 1779 744 1824 Eucha-

1 1854 4 1857 ’
58 1839 141 1891 ristiae,
151 1838 246 1893 singulis
254 1839 370 1881 mensibus
379 1838 422 1888 bis,
431 1840 471 1882 ant
481 1839 561 1882 saltem
570 1839 648 1892 semel,
657 1852 698 1895 pro
709 1840 732 1883 di

58 1898 170 1942 versitate
179 1898 313 1940 conditionis
324 1900 348 1940 ct
362 1897 484 1941 occasionis
496 1898 620 1954 suscipiant
633 1911 638 1941 :
651 1898 743 1954 vesperi

58 1969 154 2009 examen
171 1956 313 1999 conscientiae
334 1956 427 2010 faciant,
444 1956 470 2001 B.
494 1955 594 2013 Virgini,
614 1961 637 2000 ct
653 1957 742 2014 Angclo

58 2030 99 2062 suo
111 2016 198 2061 custodi
214 2016 305 2071 speciali
316 2018 379 2059 cultu
393 2015 439 2060 sint
450 2016 534 2064 devoti.
548 2015 604 2060 Haec
614 2016 741 2062 successive

58 2079 112 2122 sunt
122 2074 263 2125 inculcanda.
280 2074 394 2119 Caeterum
404 2074 454 2132 plus
465 2076 511 2121 illis
527 2089 571 2120 non
582 2076 642 2121 dicat
651 2077 742 2121 confes-

58 2138 141 2190 sarius
151 2148 219 2191 quam
234 2134 291 2178 velit
301 2136 329 2177 ab
338 2135 389 2179 aliis
400 2136 480 2180 resciri
490 2150 495 2180 :
509 2135 663 2181 adolescentes
672 2137 741 2192 enim,
751 2167 753 2169 v

58 2210 109 2254 quae
124 2195 227 2249 audiunt,
247 2196 271 2238 et
281 2194 368 2249 vident,
380 2196 502 2241 observant
516 2196 563 2250 diu,
576 2196 741 2250 narrentanis,

4 2304 11 2309 „
58 2257 121 2304 etde
131 2256 167 2302 his
178 2255 222 2314 ipsi
233 2256 312 2314 postea
323 2255 480 2315 prudentiores
488 2255 599 2315 judicant.
