1577 2464
259 83 318 140 rias
333 102 358 143 11,
376 101 450 132 earur
465 101 482 131 11
667 90 711 134 123
735 100 737 137 ζ

29 190 88 249 quod
99 188 164 232 ilium
175 200 273 244 unquam
288 184 416 229 offenderis.
428 184 473 229 Hic
492 183 646 231 Oont'essarius
655 202 710 232 con-

30 249 101 308 ceptis
109 249 185 293 verbis
196 249 283 305 praeeat
293 260 363 303 puero
373 244 396 289 in
406 244 510 289 affectunt
522 244 613 301 doloris,
627 250 649 289 et
656 262 710 304 pro-

30 310 107 369 positi,
121 310 239 353 excitando
256 320 307 350 eum
325 306 434 350 etiamad
450 306 574 364 perfectam
591 308 710 351 contritio-

30 382 90 422 nem,
103 372 136 420 ut,
147 372 175 412 ad
184 370 242 410 harre
251 368 360 422 conando,
371 367 451 409 saltem
460 366 618 423 imperfectam
628 368 711 411 certius

29 429 240 543 asppgaanfflsp·
253 485 403 531 VLDemum
420 485 559 543 injungenda
574 485 719 542 poenitentia

30 548 82 592 huic
92 549 155 592 aetati
167 546 311 601 conveniens,
324 559 373 603 quae
385 548 463 603 gravis
474 545 588 590 ordinarie
600 559 650 591 esse
668 560 712 592 non
781 575 783 577 -

31 609 104 664 debet7
118 610 155 651 sed
168 608 263 659 modica,
275 620 342 663 quam
350 607 427 650 statim
439 609 490 664 post
500 606 663 651 contessionem
672 620 711 664 pe·

30 672 120 724 ragant,
132 681 160 711 ne
170 668 194 709 in
206 667 342 710 oblivionem
352 668 442 723 veniat3
459 667 521 721 sique
533 667 712 724 puerjudicetur

31 730 125 771 rationis
137 741 236 782 compos,
249 732 272 771 et
286 728 415 783 dispositus,
431 727 581 772 absolvendus
593 731 628 771 est
644 727 712 772 abso«

31 789 77 830 tute
89 800 93 829 :
108 788 147 830 sub
159 787 285 830 conditione
296 800 360 840 vero,
371 787 390 829 si
404 787 431 829 de
441 788 521 830 horum
531 785 606 843 aliquo
619 787 710 831 dubium
738 833 740 836 ,

31 850 129 900 maneat,
142 846 279 901 praesertim,
298 847 316 889 si
328 846 358 890 sit
369 846 493 902 periculum
505 847 594 900 mortis,
612 849 651 891 aut
661 846 711 890 for·

30 908 90 950 mido
100 909 205 962 prudens
220 920 247 949 ne
258 905 318 950 forte
329 906 428 962 peccarit
438 906 578 962 mortalitem
591 906 644 962 quia
657 908 710 949 tunc

30 966 188 1011 consulendum
201 970 236 1011 est
247 967 336 1018 animae,
350 970 373 1009 et
387 966 563 1011 circumstantiae
575 966 621 1012 illae
632 978 711 1011 remo-

31 1031 86 1070 vent
106 1027 263 1070 irreverentiae
288 1041 302 1070 a
321 1026 467 1070 Sacremento
494 1027 525 1070 sic
547 1027 637 1071 collato.
660 1026 709 1071 Imo

31 1087 103 1142 Lugo,
122 1086 202 1143 Laym.
216 1087 290 1129 Goiaat
307 1089 330 1129 et
351 1086 390 1128 alii
403 1086 491 1138 volunt,
504 1087 523 1142 si
535 1099 586 1142 spes
603 1088 633 1130 sit
650 1099 710 1142 prae·
757 1131 761 1138 .

31 1146 101 1191 sentis
109 1145 270 1202 dispositionis,
280 1145 478 1201 ordinariepueros
489 1159 537 1190 esse
546 1146 709 1192 absolvendos:

30 1208 88 1259 turn,
104 1208 162 1263 quod
177 1207 308 1262 quandoque
317 1210 409 1260 peccent
419 1205 521 1260 graviter
535 1218 564 1249 ex
575 1207 712 1251 conscientia

31 1277 134 1319 erronea,
147 1266 184 1308 ubi
194 1265 283 1308 malitia
291 1265 349 1308 levis
359 1269 402 1318 est,
415 1266 438 1308 et
445 1265 495 1308 dein
503 1278 547 1308 non
556 1266 710 1320 meminerint

31 1327 125 1370 autnon
137 1325 228 1379 addant,
242 1338 265 1368 se
281 1325 304 1368 id
319 1324 493 1382 apprehendisse
504 1329 530 1368 ut
540 1338 611 1381 grave
625 1339 629 1369 :
643 1338 712 1381 quan·

31 1387 103 1441 doque
115 1384 184 1429 etiam
195 1385 218 1428 in
229 1384 326 1429 materia
336 1385 402 1442 gravi
414 1383 512 1444 exercite
524 1385 711 1443 apprehendendo

31 1445 151 1499 malitium,
164 1445 228 1501 cujus
239 1449 318 1503 postea
328 1458 373 1488 non
389 1446 543 1501 recordentur,
556 1459 580 1490 v.
592 1458 628 1502 gr.
640 1459 711 1504 expo-

32 1506 103 1550 nendo
115 1520 139 1550 se
149 1506 259 1562 periculo,
272 1506 350 1550 diebus
366 1506 485 1563 praeceptis
496 1520 539 1550 non
551 1506 656 1550 audiendi
666 1507 710 1551 Sa·

32 1578 106 1620 crum;
119 1578 162 1621 quo
173 1577 226 1611 casu
238 1568 342 1622 utroque,
356 1565 375 1608 si
386 1579 430 1609 non
442 1566 621 1621 absolverentur,
632 1578 711 1610 mane·

33 1625 118 1669 reatin
130 1625 213 1679 morte,
228 1630 251 1669 et
261 1626 361 1682 periculo
371 1630 462 1669 aeternae
473 1626 623 1670 damnationis
635 1639 640 1669 :
651 1629 710 1681 tum,

32 1684 91 1743 quod
104 1698 144 1742 per
154 1684 318 1730 confessionem
334 1685 497 1743 acquisiverint
507 1686 544 1741 J'us
559 1687 670 1742 quoddam
682 1686 712 1731 ad
726 1722 728 1724 ,

33 1744 209 1800 absolutionem3
230 1758 302 1802 neque
323 1746 364 1790 fiat
382 1746 534 1789 irreverentia
553 1746 711 1801 Sacmmento,

33 1806 53 1850 si
68 1806 135 1849 detur
145 1806 173 1848 ob
191 1805 301 1860 ejusmodi
315 1804 440 1862 periculum
450 1805 560 1852 absolutio
577 1806 618 1850 sub
633 1805 713 1851 eondi-

33 1864 103 1911 tione.
114 1865 188 1921 Atque
198 1864 240 1908 hoc
252 1864 342 1910 omnino
351 1866 480 1920 tenendum,
489 1866 508 1910 si
519 1878 576 1923 puer
586 1878 611 1910 se
622 1867 713 1911 accuset

32 1926 57 1970 in
67 1926 164 1969 materia
175 1925 249 1982 gravi,
265 1938 289 1969 v.
302 1938 325 1981 g.
338 1927 397 1982 quod
411 1927 542 1982 parentibus
552 1926 711 1981 maledixerit;

33 1985 129 2030 Sacrum
148 1983 287 2041 negtexerit3
306 1986 350 2030 etsi
362 1986 453 2030 dubium
465 1985 495 2030 sit
512 1987 539 2031 de
553 2000 596 2031 usu
607 1985 711 2031 rationis.

33 2045 143 2096 Quamvis
156 2046 224 2099 enim,
242 2043 261 2089 si
272 2056 329 2101 puer
339 2058 363 2090 se
376 2047 465 2090 accuset
476 2046 503 2090 de
516 2046 636 2090 omissione
647 2044 714 2090 Sacri

34 2106 71 2152 die
81 2104 148 2160 festo,
156 2109 179 2150 et
187 2105 351 2161 interrogatus,
361 2106 414 2161 quid
423 2108 562 2162 mereantur,
571 2105 610 2164 qui
619 2104 714 2161 Sacrum

34 2165 83 2213 sine
99 2166 203 2224 legitima
213 2176 281 2210 causa
298 2165 415 2221 omittunt,
427 2168 563 2223 respondeat
576 2166 714 2211 :Mereatur
781 2180 784 2182 ·

34 2225 162 2283 infernum3
177 2238 221 2270 non
240 2224 301 2268 iiiieo
312 2229 429 2281 sequatur,
439 2227 498 2283 quod
510 2225 610 2283 peccarit
625 2225 715 2272 morta·
771 2229 773 2231 ’

34 2283 101 2344 liter3
117 2286 171 2345 quia
187 2286 230 2332 hoc
244 2284 375 2344 quaudoque
393 2286 479 2343 dicunt,
499 2286 552 2344 quia
568 2287 601 2332 sic
618 2283 714 2343 anonae,
