1577 2464
7 46 9 48 ·
45 24 88 72 102
125 15 490 73 uno-conunssnmusrnncrrcn
506 33 648 73 insincerus
708 23 710 26 ’
787 18 788 24 ’

43 125 203 172 ministrando.
223 126 384 177 Quis'hostem
402 142 468 173 suum
484 131 563 172 contra
577 141 601 171 se
622 124 732 171 roborat

44 187 150 231 Sextum.
164 187 254 244 cogita,
266 201 333 242 quam
344 187 400 232 vilia
411 187 465 243 sint,
478 201 528 244 quae
536 189 674 245 appetuntur
684 199 692 231 ,z
707 188 731 230 et

44 260 88 304 quo
98 248 191 290 tandem
198 248 311 304 superflua
320 246 417 291 abeunt?
427 248 562 305 Septimum.
574 247 678 303 Propone
687 246 731 291 tibi

45 306 274 363 exemplum'Ohristi,
283 308 339 351 ctB.
346 307 376 352 V.
385 308 538 360 etconsidera,
545 320 612 362 quam
618 309 729 358 modeste,

45 380 113 423 quam
128 366 254 420 moderate,
266 378 333 422 quam
350 364 443 423 vulgari
452 366 516 411 victu
527 366 635 421 contenti,
654 368 678 410 et
695 364 731 410 usi

44 425 139 471 fuerint.
157 427 278 478 Octavum,
295 429 319 469 et
334 427 481 482 praecipuum.
497 427 605 483 Expende
617 428 730 482 tempore,

45 485 89 543 quo
98 485 180 529 famem
188 488 211 529 et
220 484 282 530 sitim
289 499 333 528 non
344 486 462 543 experitis,
470 486 600 543 praeteritas
612 485 732 542 experien-

44 546 99 600 tias,
108 547 253 590 commodaet
260 544 409 600 incommoda,
418 559 446 590 ox
455 547 581 603 quantitate
588 548 611 589 et
619 545 732 601 qualitate

44 606 131 660 rictus,
149 606 286 662 superfluum
303 605 396 661 proinde
414 606 534 660 subtrahe,
554 608 577 650 et
596 605 657 660 vita,
679 617 732 660 quae

46 667 153 721 expertus
173 678 197 708 es
208 664 338 719 noxia,'nec
354 678 453 722 unquam
466 668 490 710 te
504 665 565 710 sinas
580 665 698 722 voluptate
717 678 731 708 a

38 725 180 783 >praescripto
191 724 279 768 abduci.
293 724 319 768 Si
329 725 383 781 gula
393 728 509 782 provocet,
523 727 598 781 cogita
611 738 616 769 τ
627 726 652 770 Si
663 726 732 769 modo

46 785 109 839 cedo,
118 785 171 828 fiam
181 784 277 829 debilior
285 785 314 829 ad
323 784 458 830 vincendum
466 799 471 841 ;
479 785 499 830 si
509 800 552 829 non
562 786 624 840 cedo,
638 787 730 842 gratum

46 847 94 890 Deo
105 845 175 888 offero
185 844 330 899 sacrificium,
341 845 377 887 cui
391 845 410 888 si
421 846 536 888 tantillum
547 859 637 900 negem,
648 845 746 904 merito*

45 903 138 960 negabit
148 903 205 946 mihi
216 903 315 960 gratiam
326 904 355 948 ad
372 903 482 949 vincenda
491 904 607 961 graviora.
618 904 673 949 Haec
684 903 732 948 exi-

45 978 90 1022 gua
100 963 247 1008 mortificatio
256 978 297 1008 nee
305 967 378 1008 vitam
389 964 487 1018 auferet,
496 978 536 1008 nec
544 964 634 1007 nocebit
642 965 732 1007 valetu-

44 1023 100 1070 dini.
114 1023 139 1067 Si
150 1024 267 1078 contingat
275 1025 299 1067 te
307 1022 377 1078 vinci,
390 1024 505 1077 crubesce,
514 1024 573 1080 quod
583 1025 632 1068 tam
641 1024 733 1079 exiguae

44 1083 158 1139 voluptati
169 1083 322 1137 succubueris,
334 1085 358 1127 ct
367 1096 408 1140 per
418 1084 557 1129 severiorem
570 1083 731 1128 abstinentiam

44 1144 144 1190 vindica.
152 1143 199 1189 Pro
208 1143 336 1200 quantitate
344 1143 419 1188 victus
427 1146 555 1199 statuenda,
564 1143 655 1200 expedit
662 1143 732 1188 etiam

45 1203 293 1262 sibiplussubtrahere,
301 1217 352 1249 cum
361 1204 501 1260 experientia
509 1204 596 1259 doceat,
604 1217 654 1261 quac
662 1218 727 1260 quan·
781 1224 782 1227 ¹

44 1264 101 1309 titas
110 1264 246 1318 necessaria,
254 1277 304 1320 quae
310 1265 425 1319 superflua
429 1263 461 1316 sit
468 1265 496 1307 ad
503 1263 630 1308 functiones
639 1264 733 1307 ordina-

44 1324 100 1369 rias¹
109 1324 208 1369 Nonum,
217 1323 357 1378 Sihonestae,
363 1324 401 1367 vel
407 1323 565 1378 recreationis,
571 1323 609 1368 vel
615 1323 732 1369 societatis
778 1329 779 1332 ’

45 1384 121 1443 gratia
132 1384 174 1429 tibi
185 1385 221 1428 vis
233 1383 283 1440 plus
299 1384 432 1440 indulgere3
448 1387 474 1429 ut
485 1384 602 1441 crapulam
613 1387 636 1428 et
651 1396 733 1431 exces-

45 1458 95 1490 sum
114 1444 183 1498 rites,
205 1445 305 1500 primum
325 1444 376 1488 bibe
395 1444 470 1500 tarde,
489 1445 516 1486 ut
535 1444 664 1487 stomachus
686 1457 731 1487 non

37 1505 165 1557 obruatur,
177 1504 217 1547 sed
233 1504 364 1557 roboretur,
380 1503 409 1546 ad
422 1502 574 1547 convertenda
585 1503 643 1547 dona
653 1502 697 1547 Dei
707 1502 732 1548 in

44 1560 141 1619 bonum3
154 1562 234 1608 deinde
247 1561 342 1619 explora
355 1563 497 1619 quandoque,
514 1577 542 1605 an
553 1576 597 1606 non
606 1562 655 1619 jam
666 1561 733 1607 inca-

46 1623 119 1668 lescat
129 1621 224 1668 nimium
236 1621 345 1679 sanguis?
355 1624 391 1667 An
403 1625 471 1680 caput
487 1623 558 1666 adhuc
574 1636 688 1678 serenum,
703 1636 732 1667 an
764 1678 766 1680 ‚

48 1683 121 1729 adhue
133 1684 247 1740 appetitus
258 1682 332 1727 subsit
341 1682 438 1738 rationi;
453 1686 492 1727 aut
506 1686 593 1738 contra,
603 1684 653 1738 jam
663 1684 731 1727 inva-

6 1770 8 1772 -
46 1745 127 1797 lescat,
144 1744 220 1800 sisque
231 1742 327 1788 debilior
339 1743 368 1787 ad
378 1753 430 1789 eom
441 1741 615 1788 continendum?
633 1743 658 1789 Si
674 1740 731 1798 hoel

46 1805 155 1849 Fraenum
163 1802 240 1858 injice.
250 1803 355 1856 Domum,
367 1802 419 1846 dum
428 1802 487 1847 forte
498 1802 655 1859 exhilarescIs,
665 1815 731 1859 cave,

2 1914 5 1915 ⁷
46 1865 109 1907 nete
127 1861 236 1917 effundas,
249 1864 273 1906 et
289 1861 404 1920 appetitus
418 1863 441 1906 te
452 1864 590 1920 supplantet.
603 1862 733 1918 Experier-

46 1924 105 1970 tiam
126 1922 226 1967 consule.
247 1922 324 1977 Turpe
346 1924 381 1965 est
399 1921 462 1967 donis
481 1923 523 1968 Dei
540 1920 611 1967 abuti.
631 1922 734 1967 Proinde

46 1981 134 2087 saccea
144 1984 166 2028 te
177 1981 222 2027 erit
232 1981 389 2040 ermellina...
403 1982 426 2025 et
440 1984 467 2027 tc
484 1980 636 2029 dominaberis
653 1980 732 2030 illics.

47 2044 106 2090 Gen.
136 2077 143 2089 .

332 2170 442 2184 *-
