1567 2412
261 74 319 125 psus
335 72 352 114 1,
370 70 444 102 carun
460 69 475 101 v

299 217 399 261 CAPUT
415 217 436 261 V

25 359 26 362 ,
71 311 187 369 driomodo
200 310 334 369 perattentos
345 308 376 355 ud
386 308 485 355 dolorem
496 313 517 356 et
524 310 670 368 propositum

294 369 439 428 disponendi.

25 465 54 500 id.
66 466 119 511 Signa
127 464 221 509 praesentis
230 463 303 497 doloris.
313 481 336 489 -
346 464 373 497 ll.
384 463 416 503 Qui
427 472 463 507 praa
472 463 513 498 aliis
523 445 611 497 exeitandi
620 464 644 498 ad
659 464 711 499 dolo-

49 511 171 547 remi-12.
186 510 251 545 blotira
263 509 335 544 doloris.
351 509 450 554 turpitudo
461 509 528 555 peceati
538 510 640 555 exponitur.
655 512 712 547 Beue-

50 560 90 594 tleia
97 559 137 592 ΒΕΙ.
149 557 209 592 -13,
219 557 310 599 Quomodo
320 556 386 592 diuersi
396 556 419 591 ad
427 557 507 592 dolorem
516 556 619 592 excitandi?

57 640 93 684 10.
106 664 136 671 -
147 640 218 695 Resp.
230 638 248 681 I.
266 637 316 681 Etsi
336 637 438 695 plerique
454 637 598 695 poenitentes,
611 638 710 683 maxime

26 701 99 758 pueri,
107 700 174 742 rudes
186 704 209 742 et
220 698 296 754 magni
307 702 436 754 peccatores
448 698 561 743 excitandi
573 703 646 743 sunta
657 713 710 743 eon-

26 761 121 803 fessario
132 760 159 801 ad
172 759 270 801 dolorem
282 758 476 813 supernaturalem
489 759 618 815 seriumque
631 773 710 816 propo·

27 821 109 874 situm;
123 821 223 862 attamen
235 819 323 875 quando
334 820 415 862 adsunt
427 819 492 874 signa
505 831 582 862 eorum
598 820 710 863 sufficien-

26 881 68 933 tia,
81 880 142 923 adid
154 893 197 921 non
213 881 319 921 tenentur
330 877 470 921 confessarii.
488 879 559 933 Signa
570 882 646 922 autem
658 886 711 923 sunt

26 940 93 982 haee:
112 939 218 995 primum,
237 937 255 981 si
274 937 385 994 poenitens
400 937 460 981 dieat
474 949 479 980 ε
494 938 550 982 Post
566 937 711 983 commissum

6 1018 8 1034 ι
27 994 144 1056 peceatum
156 999 234 1042 statim
245 998 318 1053 dolui3
329 998 374 1052 vel,
388 998 483 1041 multum
499 1011 586 1041 meeum
600 1012 649 1042 sum
660 1000 711 1043 lue-

27 1063 97 1115 tatus‚
111 1063 136 1104 ut
147 1060 189 1102 hoo
200 1061 316 1115 peecatum
328 1058 448 1102 confiterer
457 1061 462 1101 t
470 1058 514 1112 vel,
527 1056 568 1103 hal
581 1073 630 1103 sum
642 1061 711 1104 miser

27 1124 51 1163 et
61 1133 157 1174 magnus
167 1122 280 1174 peccator.
293 1117 315 1160 2.
328 1118 353 1160 Si
364 1118 430 1162 initio
445 1132 470 1161 se
482 1121 572 1161 aeeuset
583 1120 609 1161 de
619 1121 710 1174 gravio-

27 1181 90 1222 ribus
102 1180 142 1221 aut
149 1179 176 1221 de
190 1178 279 1221 omissis
287 1177 415 1220 voluntarie
424 1178 519 1220 antehae
528 1177 551 1220 in
562 1178 710 1233 confessione,

28 1238 65 1281 vel
74 1240 168 1281 oonetur
179 1236 255 1280 omnia
272 1237 328 1280 bene
344 1237 459 1293 explicare
470 1237 550 1281 anxius
560 1237 619 1281 eirea
631 1253 713 1281 nnme-

28 1312 79 1342 rum
91 1301 114 1341 et
128 1298 235 1353 speeiem.
251 1298 273 1340 3.
290 1297 314 1340 Si
326 1305 391 1340 exse
405 1297 465 1340 dieat
478 1310 482 1340 :
496 1297 554 1340 Volo
565 1297 639 1341 vitare
650 1311 712 1341 oeea-

28 1359 117 1412 simias,
126 1357 164 1400 uel
177 1368 182 1400 :
194 1357 253 1400 Volo
264 1356 340 1399 ablata
351 1356 473 1400 restituere
484 1357 579 1413 aliisque
589 1358 712 1414 obligatio-

29 1419 94 1462 nibus
114 1416 259 1461 satisfacere:
269 1417 313 1461 Vel
327 1416 432 1473 injungat
446 1417 503 1460 mihi
517 1431 623 1473 magnam
638 1418 712 1475 poeni-

28 1479 133 1530 tentiam,
143 1481 187 1521 ete.
200 1477 269 1521 Ratio
284 1478 364 1520 horum
381 1479 424 1531 est,
437 1477 497 1533 quia,
510 1491 578 1533 quum
587 1479 659 1534 pudor
670 1492 713 1521 na-

29 1538 110 1582 turalis
123 1537 237 1581 hominem
255 1537 359 1580 retrahat
375 1549 389 1579 a
408 1537 443 1579 sui
459 1538 597 1593 contusione,
610 1541 633 1581 et
654 1539 713 1583 adsit

29 1598 157 1643 sollicitudo
173 1597 305 1652 singularis,
319 1597 402 1639 merito
417 1599 572 1652 praesumitur,
591 1598 634 1640 nisi
652 1600 713 1642 aliud

29 1659 126 1712 constet,
136 1657 205 1700 talem
217 1656 308 1699 sineere
315 1656 391 1699 dolere
403 1669 431 1699 ex
447 1657 533 1699 motivo
543 1658 713 1713 supernaturali

29 1718 133 1773 velleque
144 1717 264 1760 emendare
273 1729 309 1771 se;
319 1730 360 1760 nee
369 1717 493 1760 universim
504 1717 617 1760 sufficiens
629 1719 713 1762 doloris

23 1776 154 1822 *deficientis
165 1776 255 1832 signum
269 1779 312 1830 est,
325 1775 344 1819 si
359 1777 470 1832 poenitens
485 1778 537 1819 dum
552 1778 613 1820 subit
624 1778 714 1822 eonfes-

29 1837 123 1896 simale,
131 1837 258 1890 subrideat;
271 1835 309 1893 qui
318 1836 378 1880 enim
390 1840 443 1880 sunt
452 1836 521 1880 animi
530 1837 618 1892 hilaris,
628 1838 713 1895 passim

30 1898 147 1941 subrident
157 1898 181 1939 in
190 1897 316 1939 actionibus
328 1897 398 1939 etiam
408 1896 483 1940 seriis.

62 1958 139 2000 11.-
148 1958 217 2013 Resp.
231 1955 261 1999 ΙΙ.
272 1956 381 2005 Quamvis
393 1956 472 2010 adulti,
487 1956 525 2013 qui
536 1960 646 2013 apparent
656 1958 713 2002 bene

30 2017 145 2071 instructi,
157 2015 271 2059 ordinarie
287 2016 411 2072 prudenter
421 2016 547 2059 existimari
559 2017 647 2072 possint
657 2019 713 2062 bene

31 2076 143 2131 dispositi,
155 2075 282 2130 dolorisque
293 2074 383 2130 siguum
394 2075 424 2118 sit
436 2076 495 2118 seria
504 2080 648 2131 peecatorum
659 2091 715 2120 eou-

30 2135 113 2188 iessio3
126 2136 217 2191 expedit
233 2138 310 2178 tamen
327 2135 445 2177 exhortari
461 2147 508 2188 eos,
522 2139 547 2178 ut
564 2136 664 2179 dolorem
674 2149 714 2180 re-

32 2197 124 2247 novent,
140 2194 186 2236 imo
202 2194 271 2237 etiam
289 2193 440 2249 interrogare,
453 2208 535 2249 pueros
549 2196 676 2250 praesertim
691 2200 715 2243 et

32 2253 143 2308 rudiores,
157 2266 218 2306 num,
231 2256 352 2309 antequam
371 2252 469 2309 ingressi
480 2253 525 2298 sint
542 2254 714 2314 eonfessionale,

204 2347 285 2383 Ruunun.
297 2346 490 2382 Nun-consumamus.
500 2347 543 2380 -2
