1567 2412
49 62 78 107 16
128 49 363 108 nuo-conressnuins
379 73 491 107 runcrrcn
506 73 648 107 insenuerus

48 161 144 219 agendo,
156 161 179 206 in
191 176 242 208 eum
251 162 393 218 {confidendo
408 162 431 207 4.
444 161 506 207 Utile
516 162 587 205 etiam
598 162 729 220 quandoque
756 187 757 190 =

49 224 94 266 crit
108 236 173 266 suam
188 224 260 267 vitam
277 224 380 268 conferre
398 235 449 267 cum
462 222 512 266 vita
530 222 623 276 Christi,
635 236 730 279 eumque

48 282 166 338 exemplar
176 296 301 339 proponere
311 282 353 325 sibi
364 282 387 324 in
401 281 526 325 actionibus
535 281 590 335 suis,
601 282 623 325 in
635 295 731 339 prospe-

49 341 83 385 ris
93 347 118 385 et
128 344 239 387 adversis.
250 342 287 386 Sic
298 343 368 385 Pater
378 341 462 384 Petrus
473 341 555 395 Faber,
565 341 652 396 primus
663 342 688 386 S.
700 342 729 386 P.

50 400 135 457 Ignatii
147 401 220 445 socius
231 402 349 458 quemdam
362 413 390 443 ex
403 400 538 457 primatibus
555 401 680 456 Hispaniae,
692 402 731 458 qui

49 462 78 504 ab
92 475 119 504 eo
131 461 301 504 instructionem
315 461 434 516 qnamdam
452 461 556 515 petierat,
568 461 692 515 admonuit,
705 464 731 505 nt

49 520 98 564 haec
119 534 190 577 panca
210 533 283 563 secum
308 520 479 576 perpenderet:
503 518 611 565 Obrimus
627 520 688 566 odedi
705 520 730 566 in

49 593 140 626 sumana
149 582 235 638 inepto,
245 583 267 625 et
277 592 316 637 epo
327 580 377 624 otoo
387 580 412 624 c'u
423 592 510 624 crumino
522 580 651 636 opulentia·
665 581 731 626 Obri-

49 644 102 685 ster
117 640 143 684 ie
160 643 220 697 senze
234 644 255 685 et
272 640 322 692 riti,
340 642 360 684 ct
379 652 418 697 eqo
436 640 599 698 irrequisitis
615 641 731 697 cupediis:

52 699 160 747 Christus
170 701 255 754 euredus,
268 702 290 744 et
301 711 340 757 eqo
352 699 571 757 predecedentium
589 699 695 745 Ceresius
705 701 732 746 iu
775 738 777 741 ,

50 760 176 814 doloribus,
188 764 209 805 et
219 773 258 818 eqo
267 761 292 804 e'o
301 759 397 805 deliciis.
410 762 474 816 Aque
486 761 534 804 haec
545 761 608 815 apud.
615 774 666 804 eum
677 765 731 804 tan-

50 825 99 864 tum
111 821 238 873 valuerunt,
249 823 275 863 nt
285 820 351 876 paulo
361 822 412 876 post
423 820 484 863 leuto
493 820 607 864 adhibitus
616 820 730 876 convivio,

50 894 94 924 nno
103 893 132 924 ex
142 884 238 936 quatuor
249 880 337 936 punctis
347 880 446 923 animum
454 881 571 933 subeunte,
584 881 606 923 in
617 881 731 936 lacrymas
775 893 777 896 ·

1 985 3 988 ,
50 940 134 982 effusus
148 952 161 981 a
177 952 256 981 mensa
272 940 386 981 discedere
405 943 532 994 cogeretur,
545 943 568 981 et
588 941 732 983 solitudinem

50 1012 160 1056 quaerere,
174 998 253 1056 inqua
269 998 363 1043 liberius
380 998 422 1042 sibi
442 999 532 1055 Deoque
543 1003 643 1044 vacaret.
661 1000 732 1045 Juvat

50 1073 138 1117 qnoque
154 1073 182 1103 ex
195 1061 243 1103 vita
262 1060 343 1113 sancti,
355 1059 419 1115 cnjus
438 1060 521 1103 festum
540 1060 632 1116 colitur,
646 1060 732 1116 aliquid

50 1122 176 1173 desumere,
192 1121 250 1175 qnod
262 1120 397 1162 imitandum
412 1119 572 1175 prenitentibus
581 1125 730 1176 proponatur

50 1181 83 1223 De
93 1180 129 1223 his
137 1179 203 1234 plura
213 1179 280 1221 infre.

80 1238 234 1295 9.——Resp
247 1239 276 1282 V.
294 1237 445 1282 Admonitu
436 1236 489 1281 ane
500 1237 531 1281 sit
545 1237 685 1294 plerumque
706 1240 732 1283 ut

50 1312 94 1342 non
115 1297 191 1355 potins
208 1286 314 1340 videatur
332 1297 485 1354 reprehensio,
503 1297 609 1351 maxime,
622 1300 641 1340 si
658 1299 733 1355 preni-

51 1360 125 1402 tentes
136 1357 183 1401 sint
193 1358 302 1410 seniores,
314 1357 353 1399 uel
363 1370 451 1413 magnae
463 1357 579 1400 autoritat'
564 1362 602 1406 t,is
615 1360 654 1401 ant
666 1357 733 1401 timi-

51 1419 134 1472 diores,
146 1418 185 1462 vel
193 1417 356 1474 pusillanimes,
367 1417 403 1460 vel
415 1416 475 1472 genii
487 1416 609 1460 exulcerat
594 1421 625 1472 n,
638 1417 661 1460 hi
672 1418 733 1462 enim

6 1489 8 1493 ·
52 1478 159 1534 abjicient
169 1477 236 1521 facile
246 1478 354 1530 animum,
366 1481 405 1521 aut
416 1477 610 1533 exasperabnntur
619 1479 641 1521 et
652 1491 734 1534 repre-

51 1539 183 1582 hensionem
199 1537 237 1580 vix
253 1537 304 1580 sine.
319 1537 462 1593 impatientia
481 1539 504 1580 et
523 1539 653 1593 contemptu
670 1537 734 1580 exci-

52 1598 123 1656 pient.
140 1597 199 1641 Hinc
209 1597 359 1641 confessarius
377 1597 400 1639 in
417 1596 629 1652 reprehensionibus
641 1597 672 1641 sit
690 1612 734 1654 po-

52 1658 99 1701 tius
117 1669 207 1713 parcus,
227 1669 294 1713 quam
313 1657 426 1712 prolixus,
442 1656 551 1711 benignus
567 1656 648 1711 magis,
666 1669 734 1711 quam

53 1728 158 1771 severus,
171 1717 264 1773 gravior
279 1719 355 1760 tamen
370 1716 501 1772 quandoque
518 1718 646 1772 potestant
667 1717 735 1762 debet

53 1777 156 1821 adbiberi
167 1777 289 1820 admonitio
298 1776 352 1830 illis,
365 1777 465 1831 quisunt
475 1778 563 1818 naturae
573 1776 679 1831 durioriS,
690 1789 734 1833 pa-

49 1850 104 1880 rum
115 1836 143 1880 de
155 1836 227 1880 salute
240 1835 339 1890 solliciti,
351 1834 479 1892 praesertim
492 1834 511 1879 si
526 1835 624 1892 benigna
635 1836 735 1880 admoni-

50 1897 87 1941 tio
97 1896 196 1940 iructum
208 1910 251 1938 non
260 1896 347 1947 hebuit,
360 1895 379 1939 si
389 1897 455 1938 modo
466 1896 491 1938 fit
505 1898 556 1951 post
567 1895 670 1950 exposita
680 1910 736 1952 pec·

48 1959 105 1999 cata
114 1957 193 2010 estque
203 1955 264 2008 talis,
273 1959 299 1997 nt
310 1955 422 2011 poenitens
429 1955 544 2011 intelligat
552 1955 674 2011 procedere
685 1968 736 2001 eam

49 2029 78 2073 ex
93 2027 172 2060 amore
184 2014 264 2058 salutis
275 2028 330 2057 suae.
