1577 2464
271 61 338 109 eires
354 79 387 118 111,
404 78 478 108 cerer
493 79 518 108 in
673 96 674 99 =
691 67 736 110 273
780 120 788 124 μ’

59 164 126 216 insint
104 164 304 215 oeconomicum
390 162 507 208 uotocScr
480 169 570 208 emordet
563 165 734 218 ίίίίεΕεείίείμί

59 228 80 270 cl
91 237 176 269 comnia
153 224 231 269 micion
217 223 351 277 cudo
334 166 485 276 ffliieedhaecl
485 237 548 267 orma
559 225 690 280 praescripta
702 236 736 269 est
754 232 756 235 ’

59 298 99 341 pro
110 285 159 328 foro
175 289 277 337 externo,
293 283 315 327 in
327 283 416 327 interno
427 283 509 327 sufficit
518 284 592 327 forma
603 287 734 330 communis.
755 298 758 304 ¹

58 345 93 388 An
104 359 144 401 pro
151 345 285 389 admissione
297 344 397 401 haeretici
406 344 433 385 ad
441 342 564 386 Ecclesiam
576 346 736 387 recurrendum
784 354 788 363 '

7 403 8 406 ’
59 404 89 449 sit
105 405 134 448 'ad
153 405 297 461 Episcopum,
319 403 454 446 attendenda
471 407 506 445 cst
522 402 598 460 praxis
619 404 734 448 Dioecesis.
784 440 786 443 .

58 465 130 519 Quod,
142 466 160 508 si
170 468 274 508 occurrat
283 478 390 508 converso
398 464 494 508 tentatio
504 467 582 507 contra
589 464 665 518 tidem,
678 464 738 508 dicat

58 525 136 569 illico:
154 524 234 579 Credo,
252 525 345 568 Domine
359 525 370 567 :'
384 524 464 568 sufficit
475 525 530 567 milri
549 525 643 567 verbum
663 526 735 568 tuum⁴

59 586 134 627 Minor
145 599 186 639 ego
196 599 254 636 sum,
267 598 334 639 quam
347 588 370 627 ut
381 584 589 639 caplammysteria
601 584 686 637 divina,
699 584 737 639 qui

28 664 31 680 ε
59 644 179 687 naturalia
189 658 232 685 non
247 642 358 690 intellieo.
376 643 426 685 Non
438 645 554 685 crederem
565 656 615 698 ego,
624 643 692 698 Jquod
702 645 739 692 tot

59 705 203 756 sanctissimi,
217 707 240 747 et
250 686 445 759 illunriiratissimi,
457 704 609 758 crediderunt,
622 697 680 760 quod
692 703 738 747 Ec-

59 765 135 817 clesia,
154 778 212 820 quae,
230 767 288 808 teste
306 764 423 820 Apostolo,
441 766 476 807 est
490 764 601 818 columna,
619 768 642 808 et
657 763 737 808 firma-

59 828 158 869 mentum
174 823 287 877 veritatis,
300 825 434 868 credendum
445 825 558 881 proponit,
571 828 594 867 et
605 823 692 875 credit?

89 886 156 928 Petes
168 898 173 927 :
185 885 242 932 Quid
252 885 361 939 agendum
371 885 496 938 Sacerdoti,
507 885 526 927 si
533 884 655 940 intelligat,
665 885 737 927 heere·

59 943 128 988 ticum
138 958 186 987 esse
197 944 224 986 ad
235 949 337 987 extrema
347 942 480 986 deductum?

89 1003 185 1047 203-
156 1005 265 1058 ——Resp
277 1004 321 1045 Ubi
336 1004 428 1058 poterit,
447 1005 578 1104 prudentert
579 1005 640 1059 aget,
654 1003 737 1046 sieum

59 1063 189 1116 acceda‚et
191 1063 357 1105 tdissimrtrlaa
378 1076 418 1105 sua
434 1075 567 1132 personae
569 1062 599 1105 tsi
616 1038 737 1118 putaretur

59 1125 191 1192 praedicans,
211 1136 324 1166 cnmeoc
314 1122 397 1183 eliciat,
416 1122 507 1191 primo,¹
520 1123 543 1166 in
561 1137 643 1191 genere
662 1126 737 1168 actum

58 1183 118 1237 fidei,
126 1202 127 1207 ¹
135 1184 194 1226 circa
206 1183 281 1226 omnia
292 1196 305 1225 a
316 1179 362 1226 Deo
377 1183 464 1225 revelat
456 1187 487 1237 ta,
501 1183 523 1225 in
535 1183 608 1238 specie
619 1184 679 1226 circa
696 1196 738 1227 ne-

59 1243 157 1286 cessaria
168 1243 302 1286 necessitate
314 1242 381 1284 medii
396 1244 519 1297 credenda3
532 1247 580 1285 tum
592 1248 666 1285 actum
679 1243 735 1299 spei,
770 1251 777 1260 ”

59 1303 210 1361 contritionis,
221 1302 389 1359 resignationis,
402 1306 445 1346 etc.
458 1303 514 1347 Dein
525 1303 630 1359 loquatur
641 1303 675 1346 illi
684 1307 738 1347 tan-

32 1375 34 1377 ’
59 1369 108 1406 tum
119 1364 145 1406 dc
157 1363 211 1414 illis,
229 1377 278 1418 qnae
287 1363 393 1405 hereticis
405 1377 455 1404 cum
471 1362 593 1405 Catholicis
609 1364 738 1406 communia

34 1432 36 1435 ·
59 1425 129 1476 sunt:
145 1426 193 1465 turn
207 1428 301 1477 quaerat,
318 1435 345 1464 an
363 1422 382 1464 si
400 1422 476 1475 sciret,
495 1436 518 1464 se
535 1435 577 1465 non
589 1424 681 1465 credere
693 1422 738 1466 ali-

33 1512 36 1514 >
59 1483 119 1539 quid,
132 1483 190 1537 quod
199 1484 258 1525 Deus
274 1482 394 1534 revelavit,
409 1482 478 1524 vellet
487 1483 587 1533 credere,
601 1484 623 1524 et
635 1482 662 1524 de
675 1481 740 1525 iacto

52 1542 151 1611 credat?
162 1546 249 1586 Annon
261 1543 331 1585 vellet·
342 1543 446 1585 recedere
458 1557 470 1585 ει
481 1556 522 1585 sua
530 1541 649 1597 religione,
661 1543 680 1586 si
692 1542 738 1596 sci-

59 1607 102 1655 ret,
115 1603 199 1694 ipsamz
199 1616 241 1643 non
253 1616 302 1644 esse
319 1603 380 1644 illam
385 1616 469 1658 ,quam
480 1603 583 1645 Christus
600 1605 624 1645 et
634 1602 739 1658 Apostoli

45 1665 68 1721 J
60 1663 184 1705 locuer
145 1666 184 1704 n
191 1661 244 1704 An
255 1675 298 1703 non
310 1662 366 1704 vel
377 1636 740 1709 iacereomniaadsalutemne÷
773 1662 775 1667 ‘

60 1723 166 1775 cessaria,
181 1725 204 1764 ct
215 1722 282 1763 confit
274 1721 321 1763 teri
329 1736 340 1763 e
342 1721 405 1775 tiam,
424 1724 447 1766 et
458 1721 552 1774 absolvi,
571 1721 590 1764 si
602 1722 678 1774 sciret,
697 1723 740 1765 hoc

59 1782 174 1836 Christum
189 1781 344 1838 requisivisse,
365 1756 472 1838 torinnam
490 1782 641 1826 necessarium
658 1783 686 1826 acl
705 1793 741 1827 sa·

61 1843 147 1891 luteml
158 1843 183 1886 Si
199 1842 285 1893 annuit,
298 1846 395 1897 repetat,
408 1846 434 1887 ut
444 1841 515 1900 prius,
529 1845 592 1886 actus
603 1842 664 1895 fidei,
681 1842 738 1899 spei,
754 1887 755 1890 ,

60 1902 202 1946 contritionis
213 1902 328 1959 perlectae,
341 1903 504 1960 propositique,
517 1907 540 1946 et
551 1903 675 1946 voluntatis
684 1915 740 1959 pree-

61 1964 138 2006 standi
149 1964 214 2006 inodo
230 1961 313 2012 omnia,
327 1975 376 2017 quoe
394 1964 497 2007 Christus
509 1964 645 2017 adsalutem
662 1962 741 2017 requi·
776 1968 785 2017 ᾗ

61 2022 115 2065 sivit
137 2034 141 2064 :
164 2025 252 2065 demum
268 2021 374 2076 jubeatur
394 2023 483 2065 elevare
502 2018 600 2076 manuni,
622 2026 661 2066 aut
681 2021 741 2064 aliud

32 2081 34 2083 ’
61 2080 150 2137 signum
167 2083 220 2130 dare
240 2081 262 2125 in
279 2081 475 2137 contestationem,
494 2082 553 2139 quod
572 2082 628 2125 velit
646 2081 742 2139 implere

61 2154 150 2184 omnem
162 2142 202 2184 Dei
221 2142 368 2185 voluntatem.
381 2142 437 2186 Haec
452 2142 471 2185 si
489 2146 590 2199 praestet,
607 2143 691 2197 poterit
705 2142 744 2183 ab·

63 2202 121 2245 solvi
134 2202 174 2245 sub
186 2201 320 2256 conditione,
335 2200 410 2245 torma
424 2200 482 2246 elain
494 2202 541 2246 sine
553 2202 596 2246 alio
609 2201 672 2258 signo
689 2213 745 2257 pro-

63 2263 174 2308 nuntiata.
185 2264 257 2320 Quod,
269 2262 288 2308 si
299 2263 384 2321 diceret
395 2276 400 2307 ε
411 2263 462 2308 Non
472 2277 564 2321 possum
572 2276 608 2308 me
617 2261 744 2318 resolvere,
