1577 2464
285 140 387 181 raus-rt,
412 119 486 180 carus
509 136 519 169 1
714 124 745 172 79

59 230 127 273 ducat
141 240 145 270 :
157 227 211 272 talis
222 229 327 281 respectu
339 225 496 269 commotionis
508 236 613 268 venereae
631 226 666 268 cst
679 226 744 281 cogi-

58 287 117 333 tatio
132 287 239 342 practica«
249 286 352 329 vivacior
367 287 394 329 de
410 286 523 338 venereis,
538 287 614 329 tactus
629 284 745 330 obscoenus

59 348 195 399 diuturnior,
213 349 317 401 aspectus
333 346 450 390 obscoenus
465 344 530 388 nuda'e
545 344 645 388 toeminae
661 345 744 388 voluu-

58 406 117 450 tarie
132 408 276 449 continuatus
295 418 299 449 :
317 406 366 449 haec
378 405 447 459 enim,
464 405 483 449 si
498 404 600 448 vivacius
619 404 708 447 feratur
721 404 745 448 in

59 468 171 519 obscoena,
189 465 327 509 determinat
340 466 369 509 ad
386 465 572 520 delectationem;
589 464 609 509 si
622 464 746 509 vehemens

59 526 97 579 sit,
111 524 248 568 determinat
259 526 286 568 ad
297 525 453 582 pollutionem.
470 525 544 569 (lausa
555 537 597 580 per
608 537 641 579 se,
652 526 676 567 at
685 523 746 567 inef-

58 587 124 638 ficax,
137 588 172 628 est
179 598 228 641 quae
237 584 327 642 quidem
336 599 365 629 ex
374 587 457 629 natura
465 584 619 629 ordinaturad
628 583 743 641 effectum,

59 647 98 689 sed
110 645 132 686 in
145 658 196 687 eum
208 659 252 687 non
263 646 338 688 influit
348 645 488 698 notabiliter,
502 647 525 688 et
536 645 588 688 hinc
602 657 653 688 oum
665 656 692 687 eo
701 656 745 687 non

59 704 213 760 conjungitur,
233 705 406 762 utplurimum.
425 704 494 748 Tales
512 717 585 747 causae
602 703 747 761 inpraesenti
764 716 766 719 ’

60 769 112 810 sunt
123 768 198 808 tactus
212 766 279 819 leuis,
293 767 330 808 vel
340 767 431 822 J'ocosus
441 765 548 817 foeminae,
562 779 606 808 non
617 766 744 819 obscoenus,

60 828 164 880 aspectus
183 825 286 868 curiosus
303 826 352 880 ejus
364 827 452 879 t'ormae,
470 825 507 867 vel
518 824 617 881 pectoris
633 824 687 867 nudi
701 835 746 882 uon

58 885 117 928 fixus
129 896 133 927 :
144 885 298 928 confabulatio
308 886 420 929 amatoria
431 886 459 928 ob
468 885 604 939 vanitatem,
615 884 652 927 vel
661 896 746 927 vanum

59 958 160 988 amorem
170 945 333 989 conciliandum
342 959 348 1000 3
358 946 438 1001 quibus
447 959 460 989 a
470 945 570 989 Sauchez
578 946 684 1002 respectu
694 944 747 1001 pol-

59 1004 152 1049 lutionis
164 1010 344 1050 annumerantur
359 1006 485 1061 amplexus,
502 1005 587 1061 oscula,
605 1004 746 1060 compressio

59 1078 140 1109 manus
155 1065 265 1120 foeminae,
283 1065 378 1109 intorsio
395 1066 519 1121 digitorum
535 1079 565 1120 ¹er
576 1066 688 1117 vanitate,
708 1065 747 1108 vel

60 1125 164 1169 levitate.
178 1126 251 1169 Causa
262 1138 303 1181 per
313 1126 425 1178 accidens,
438 1130 473 1169 est
484 1138 534 1181 quae
545 1126 574 1167 ad
589 1125 694 1168 effectum
706 1137 747 1180 per

59 1199 83 1229 se
95 1198 138 1228 non
150 1186 278 1238 ordinatur,
297 1189 336 1229 sed
350 1185 482 1228 indifferens
493 1188 536 1239 est,
553 1187 579 1227 ut
590 1199 641 1228 cum
653 1199 679 1227 eo
690 1198 746 1228 con-

56 1245 177 1300 jungatur,
189 1245 228 1287 vel
238 1245 428 1299 saltemproxime
435 1245 458 1287 in
468 1259 519 1287 eum
530 1258 574 1286 non
584 1244 666 1287 infinit.
675 1241 751 1287 'Pales'
781 1252 784 1256 '

58 1303 201 1360 inpraesenti
213 1305 266 1348 sunt
277 1304 401 1360 equitatio,
412 1303 469 1347 situs
481 1302 582 1359 corporis
593 1303 667 1359 magis
682 1315 747 1348 com·

58 1364 148 1416 modus,
165 1364 308 1408 conversatio
320 1378 370 1408 cum
387 1364 486 1406 tueminis
505 1365 582 1407 adeas
598 1363 743 1408 instruendas

59 1423 82 1468 in
100 1423 196 1477 virtute,
215 1438 267 1481 esus
284 1424 417 1479 calidorum,
439 1427 464 1468 ut
483 1426 536 1467 sunt
556 1437 608 1477 ova,
632 1426 744 1479 aromata,

59 1498 82 1528 v.
96 1496 133 1540 gr.
144 1485 217 1540 piper}
228 1485 380 1538 cinamonum,
393 1484 554 1539 eto.,.aliaeque
565 1484 665 1527 actiones
676 1483 746 1528 etiam

59 1543 147 1588 illicitae
159 1546 225 1588 extra
237 1545 358 1588 materiam
373 1558 503 1598 veneream,
521 1547 547 1588 ut
561 1543 623 1599 potio
635 1543 748 1600 intempe-

59 1617 121 1658 rans,
135 1605 243 1649 comestio
251 1604 300 1648 ,cibi
308 1604 385 1660 vetiti,
396 1618 425 1648 ex
436 1618 479 1661 qua
489 1603 629 1660 praevidetur
641 1605 747 1649 secutura

61 1664 182 1708 commotio
195 1677 302 1709 venerea.

90 1725 128 1769 71.
151 1749 181 1758 -
203 1725 238 1769 Ex
260 1724 296 1769 his
314 1723 473 1783 judicandum,
496 1725 606 1780 quomodo
632 1723 746 1781 poenitens

60 1785 191 1841 peccaverit
205 1797 209 1828 :
223 1798 276 1828 nam
286 1784 308 1839 l,
321 1785 360 1843 qui
377 1785 475 1829 intendit
489 1786 663 1828 commotionem
675 1797 748 1830 rene-

60 1857 133 1899 ream,
146 1846 183 1888 vel
195 1845 344 1900 pollutionem
355 1858 396 1900 per
407 1847 519 1889 actionem
534 1844 604 1888 etiam
615 1844 711 1899 licitam,
724 1847 748 1899 et

62 1905 89 1948 de
101 1918 125 1949 se
143 1904 319 1960 indifferentem,
331 1908 411 1963 peceat
422 1905 534 1961 graviter,
553 1905 606 1961 quia
617 1904 669 1950 vult
688 1903 712 1948 in
724 1918 748 1950 se

61 1964 146 2021 aliquid
158 1978 288 2021 repugnans
297 1966 401 2021 graviter
410 1965 520 2010 castitati.
531 1965 553 2008 2.
565 1965 608 2013 Qui
617 1965 681 2022 ponit
692 1977 748 2009 cau-

61 2038 109 2070 sam
127 2024 189 2069 illius
204 2039 245 2082 per
263 2039 286 2069 se
305 2024 426 2079 efficacem,
443 2039 496 2069 reus
513 2039 601 2081 quoque
619 2025 646 2074 fo
659 2024 748 2081 peccati

61 2084 174 2137 mortalis,
188 2086 207 2127 si
216 2099 265 2127 eam
275 2088 344 2139 ponat
354 2086 402 2127 sine
413 2086 544 2129 rationabili
553 2099 633 2140 causa;
644 2087 697 2140 quia
708 2098 748 2138 vo·
768 2124 770 2126 ,

62 2144 111 2187 lens
128 2157 219 2188 oausam
240 2158 280 2200 per
298 2159 321 2187 se
340 2144 451 2188 efficacem
472 2143 573 2198 effectus,
593 2143 638 2188 nisi
658 2143 748 2201 aliunde

63 2207 192 2256 excusetur,
207 2204 267 2247 velle
279 2204 383 2247 effectum
395 2207 514 2257 censetur3
527 2205 606 2248 eadem
618 2204 677 2247 euim
685 2204 746 2258 lege,

63 2276 108 2319 qua
122 2262 176 2307 talis
187 2262 280 2307 effectus
292 2262 433 2321 prohibetur,
452 2264 521 2307 etiam
537 2263 669 2319 prohibetur
680 2275 749 2307 causa

62 2337 103 2380 per
119 2337 142 2368 se
163 2325 241 2368 efficax
258 2324 328 2369 illius.
346 2324 419 2368 Dixi:
436 2319 491 2370 Siue
505 2323 641 2369 rutiouubili
654 2335 748 2370 euersa:
