1577 2464
49 45 100 93 156
129 29 363 98 ιιι-ιοιιιιιιιιιιιιυι
377 60 490 96 sanemur
510 54 652 108 msrauerns

50 147 170 206 munibus,
177 152 288 221 quantum
297 149 367 197 merit
368 164 394 197 ns
404 151 503 209 potando
510 125 653 207 dilapidata
641 112 685 194 etsi
692 161 745 206 pe

50 208 149 254 rionlum
167 209 300 269 indigentiae
316 207 360 256 sibi
370 211 409 256 vel
426 211 519 256 familiae
535 223 578 254 non
590 209 736 266 immineret,

51 269 106 326 quia
116 270 235 317 dimidium
246 273 290 316 ad'
284 283 356 340 ipsam
368 272 476 329 pertinet,
492 284 532 317 neo
543 273 581 328 pot
583 273 618 319 est
628 269 679 327 ipsa
692 270 730 314 iu·
767 294 768 299 =

50 329 101 376 vita
111 329 167 375 rllud
176 331 289 377 maritus
282 343 425 376 imminuere.
708 380 709 383 Ἴ

39 437 41 440 .
83 391 109 437 6⁰
124 391 206 438 Potest
215 391 332 451 pecuniam
346 389 422 445 ayiro
439 393 468 437 ad
479 391 587 437 solvenda
602 390 679 447 debita
694 403 732 435 ao-

5 473 14 510 g
52 454 143 509 oeptam
158 453 283 509 expendere
293 451 317 496 in
327 465 382 497 usus
393 452 529 497 domesticos
539 451 644 509 graviter
654 464 732 496 neees-

15 524 17 536 ²
52 512 138 567 sarios;
150 512 203 568 qnia
213 511 316 569 pecnnia,
328 512 373 556 etsi
383 512 449 556 uxori
461 512 555 566 tradita,
571 510 677 556 manebat
691 511 745 560 sub,

53 570 152 615 dominio
161 570 215 625 viri,
227 571 265 626 qui
277 584 327 620 eam
337 571 413 627 potius
424 572 452 616 ad
465 572 626 616 sublevandam
637 583 732 624 gravem

53 630 212 674 necessitatem
224 629 326 685 familiae,
344 642 412 687 qnam
427 629 532 675 diluenda
545 629 621 675 debita
636 629 733 674 debebat

52 688 195 748 impendere3
206 688 246 734 neo
256 703 312 734 uxor
322 690 354 736 sie
362 689 477 737 contrahit
484 690 645 747 obligationem
656 702 685 736 ex
692 702 733 735 suo
749 695 752 713 i

53 749 156 794 solvendi
169 750 327 795 oreditoribus.

83 812 108 855 7⁰
117 809 168 854 Nou
184 812 276 854 tenetur
286 823 315 855 ea
331 810 395 856 bonis
406 810 519 855 dotalibus
534 810 580 855 suis
597 820 733 855 concurrere
749 862 751 867 ,

4 882 5 885 ’
53 870 83 914 ad
102 869 210 914 solvenda
229 871 334 915 debitae
352 871 402 915 viro
420 873 473 915 ante
489 869 660 914 matrimonium
675 876 751 914 oon-'

14 935 24 942 “
53 932 130 975 tracta.
139 928 182 985 (1),
194 930 238 972 etsi
252 931 380 976 eommunia
395 944 421 974 eo
437 944 481 973 non
499 930 624 984 suffieiant3
641 933 732 974 tenetur

53 990 131 1033 tamen
142 999 170 1032 ex
184 988 248 1032 bonis
260 989 319 1043 aliis,
331 992 412 1046 siquae
423 990 499 1043 habet,
512 1001 646 1033 ouneurrere
657 1001 685 1032 ex
696 988 733 1032 di-

53 1047 124 1093 midio
135 1048 164 1091 ad
175 1048 281 1105 diluenda
291 1050 367 1093 debita
378 1053 452 1094 stante
463 1048 607 1093 matrimonio
616 1050 640 1093 in
649 1049 734 1093 bonum

53 1107 156 1162 familiae,
165 1109 236 1164 deque
243 1122 352 1154 consensu
362 1111 479 1166 utriusque
487 1112 604 1166 eontracta
611 1122 617 1164 3
625 1122 670 1153 non
678 1122 734 1152 vero

12 1226 13 1229 Ἴ
54 1169 84 1212 ad
94 1170 211 1213 eontracta
223 1172 275 1213 ante
286 1169 464 1224 matrimonium,
477 1173 524 1223 aut,
537 1170 579 1214 hoo
589 1171 673 1226 stante,
685 1169 735 1214 sine

54 1227 105 1286 ejus
116 1241 233 1284 consensu,
245 1229 283 1275 vel
294 1244 337 1274 non
346 1230 370 1274 iu
380 1231 462 1274 bonnm
471 1229 573 1275 familiae.

84 1289 109 1333 8θ
122 1289 204 1333 Potest
213 1302 272 1338 uxor
287 1291 334 1334 suis
350 1291 481 1346 parentibus
492 1293 515 1334 et
526 1289 605 1334 liberis
619 1303 651 1333 ex·
662 1290 736 1348 primo

54 1351 105 1394 toro
115 1349 253 1407 pauperibus
264 1351 366 1394 moderat
357 1355 400 1404 tas,
416 1362 457 1407 pro
468 1363 540 1393 more
550 1350 646 1393 aliarum
659 1352 735 1394 foemi-

53 1422 134 1461 narum
146 1422 194 1453 suae
204 1409 338 1454 conditionis
342 1411 514 1466 eleemosynas
524 1423 553 1452 ex
561 1409 626 1453 bouis
636 1422 735 1453 eommu-

54 1468 129 1531 nibus,
144 1468 228 1513 marito
247 1469 317 1513 etiam
333 1470 509 1524 contradicente
478 1469 616 1526 tlargiri;
628 1468 735 1524 quiahoc
754 1485 755 1488 ¹

3 1551 4 1554 =
54 1521 143 1584 spectat
133 1530 181 1572 ad
193 1529 279 1572 decen
263 1531 366 1573 iams
353 1529 476 1585 aj;toseus
489 1542 529 1572 nee
544 1541 594 1586 ipsa
607 1532 643 1572 est
657 1540 734 1582 serva,

55 1589 95 1632 sed
106 1587 166 1632 sooia
176 1588 294 1633 bonorum.
310 1590 375 1633 Unde
386 1589 454 1633 marit
457 1602 482 1632 us
495 1602 538 1632 non
549 1602 581 1694 po
579 1591 625 1633 test
635 1600 685 1633 esse
695 1600 736 1632 ra-

55 1647 140 1702 tionahi
142 1648 169 1694 lit
133 1652 195 1694 iter
205 1648 299 1695 invitus.
315 1650 379 1700 Quod
390 1649 410 1694 si
421 1648 466 1694 diet
457 1651 481 1694 ta
492 1649 607 1705 quantitas
617 1662 661 1693 non
672 1648 737 1694 suffi⁶
768 1647 770 1650 ’

55 1712 119 1752 oeret
131 1709 160 1752 ad
173 1721 269 1766 gravem
284 1708 375 1753 illorum
392 1709 551 1753 necessitatem
565 1709 694 1763 levandam,
713 1710 737 1752 et

54 1767 106 1824 ipsa
116 1768 206 1812 aliunde
218 1769 301 1825 Juvare
312 1782 356 1814 non
368 1771 452 1826 posset,
465 1771 541 1826 posset
555 1768 614 1813 olam
625 1768 675 1825 plus
685 1769 736 1812 sub·

32 1830 33 1833 ’
56 1828 150 1882 ducere,
163 1831 187 1873 et
205 1829 323 1885 egentibus
342 1841 485 1883 sueonrrere3
498 1827 559 1884 ¹qnia
575 1829 604 1873 acl
620 1828 736 1873 decentem

48 1898 144 1944 'qnoque
156 1888 205 1942 ejus
216 1890 300 1933 statum
307 1887 411 1945 pertinet
422 1889 445 1931 et
458 1887 576 1941 honorem,
593 1888 619 1930 nt
630 1900 674 1930 uon
686 1899 736 1944 per-

55 1948 136 1998 mittat
153 1959 221 2004 egere
237 1947 297 2002 illos,
316 1961 367 1992 eum
381 1948 439 1992 bona
454 1947 544 1993 habeat.
557 1947 643 1992 Marito
660 1951 736 1992 tamen
757 2001 759 2004 Ι

55 2011 118 2053 mort
118 2020 147 2052 no
108 2007 251 2053 tdeberet
259 2007 283 2052 in
291 2008 362 2064 partit
353 2007 413 2052 tione
426 2009 537 2053 bonorum
547 2019 598 2051 oum
609 2007 737 2052 haeredibus

55 2067 135 2114 mariti
144 2067 277 2124 subtrahere
287 2081 333 2112 suae
343 2067 403 2125 parti
407 2101 412 2123 ‚
423 2082 473 2126 quae
483 2067 517 2112 ult
507 2070 544 2112 tra
554 2066 600 2112 diet
591 2070 638 2112 tam
647 2068 737 2126 partem

57 2126 214 2188 elargitat
169 2126 225 2182 fuir
220 2127 293 2184 ,quia
306 2141 394 2187 aequum
409 2131 507 2184 nonest,
520 2129 584 2173 utex
595 2127 736 2183 alienissub-

80 2261 139 2312 (ιιιι.
151 2261 170 2299 s.
181 2261 236 2309 nnn.
245 2260 263 2307 ι,
271 2226 313 2311 ιιι.
