1567 2412
397 17 487 37 ΧΗ,

257 97 337 129 ‘enas
353 82 380 140 11,
397 96 471 128 carun
494 96 508 130 1>
535 80 537 83 ’
573 117 574 120 ¹
698 86 730 134 ὦ

45 192 122 237 autem
135 184 247 243 superbiae
256 183 394 228 inordinatio
406 183 429 227 in
438 198 474 238 eo,
485 184 544 241 quod
555 183 606 242 quis
616 185 730 243 suiipsius

46 246 204 296 excellentiam
224 243 263 288 vel
284 243 419 301 dignitatem
444 244 555 300 majorem
574 245 729 302 apprehendat

46 322 112 368 quarn
125 307 145 350 ei
156 305 220 358 insit,
231 304 307 361 sieque
317 316 372 360 erga
383 303 446 348 illam
458 304 491 348 ita
502 304 667 362 apprehensam
676 306 729 351 affi-

46 371 127 420 eiabnr,
136 367 246 420 majorem
256 376 280 408 se
289 364 432 419 aestimando,
439 378 507 421 quam
515 378 541 407 re
549 365 599 419 ipsa
604 369 728 419 mereatur,

46 431 113 485 abque
123 426 156 468 ita
166 425 242 467 menie
254 426 277 467 et
288 423 370 466 aflectu
381 436 450 480 supra
460 437 483 467 se
494 426 540 468 eat.
551 423 610 469 Hine
620 425 729 482 superbus

46 503 70 533 se
79 487 158 531 inflare
170 486 194 528 ab
202 483 341 527 tumefacere
351 483 442 537 dieitur,
452 483 505 539 quia
516 484 695 540 apprehensione
705 489 729 528 et

46 547 128 591 affeetu
142 544 238 602 majore,
251 556 318 600 quam
338 554 380 600 par
396 544 440 599 est,
453 556 477 588 se
495 544 659 601 quodammodo
674 543 729 588 iacit
779 594 781 596 ,

46 606 165 661 majorem.
761 657 763 660 Α

38 688 41 693 -
76 667 113 710 57.
124 690 155 696 -
165 665 234 719 Resp.
252 663 283 708 ΙΙ,
297 662 408 721 Superbia
425 663 471 708 alia
485 666 521 708 esi
537 666 693 709 consummata
706 668 731 709 et

6 725 10 739 ‘
46 726 155 785 perfecta,
165 724 210 768 aha
219 738 263 768 non
272 726 428 769 consummata
436 726 460 768 ei
468 723 610 781 imperfecta.
624 726 730 770 Consum-

46 790 108 832 mata
117 789 160 838 esi,
169 798 213 840 qua
221 784 271 851 quis
278 785 312 828 iba
319 797 343 827 se
350 783 424 846 animo
432 783 507 839 effert,
515 787 540 828 ut
547 785 594 828 Deo
601 786 624 828 eb
631 785 731 842 superio·

27 863 29 866 ·
46 846 108 890 ribus
120 846 211 888 subesse
223 847 313 887 recuset
323 844 402 887 rolens
413 843 526 888 arbitratu
537 858 578 889 suo
588 845 682 899 uiuere3
691 848 732 889 aut

46 906 79 950 iia
91 919 114 949 se
122 904 195 960 -gerit,
208 904 297 960 quasia
310 904 357 948 Deo
375 916 416 948 sua
434 917 478 947 non
489 904 592 959 haberet,
605 907 645 948 aui
656 907 732 949 essent

46 979 93 1009 suae
105 969 194 1007 naturae
205 963 287 1006 dehita.
297 962 357 1016 Dixi,
366 963 401 1007 ila
410 975 433 1007 se
441 962 510 1021 perit,
519 963 572 1020 quia
583 978 627 1006 non
634 964 733 1020 requiri-

46 1021 731 1082 inrutibajudioeb(hocenirnessethaeretioum),sedsufficii

46 1087 72 1129 ui
81 1085 139 1128 dona
148 1083 190 1127 Dei
200 1082 353 1139 apprehendat
362 1086 470 1139 tanquam
479 1097 528 1137 sua,
536 1086 567 1138 ei,
575 1098 619 1127 non
628 1084 730 1140 cogitans

48 1145 105 1190 unde
121 1142 166 1188 isia
181 1144 272 1198 habeat,
284 1142 318 1188 iia
334 1156 358 1188 se
377 1146 451 1200 gerat,
464 1157 490 1187 ao
501 1142 521 1188 si
532 1157 546 1188 a
556 1157 580 1187 se
591 1144 697 1200 haberem
708 1143 731 1188 id

47 1205 106 1261 quod
119 1203 271 1260 fieripotest:
285 1204 318 1247 sio
330 1217 416 1260 pauper
433 1204 511 1247 fruens
527 1204 607 1247 alienis
621 1208 697 1259 potest
706 1218 731 1248 se

47 1265 129 1307 efferre
140 1277 183 1306 non
195 1276 259 1307 secus
270 1276 296 1307 ae
311 1263 330 1307 si
341 1262 439 1319 propriis
450 1262 574 1308 frueretur.
586 1264 642 1307 Haeo
654 1275 733 1319 snper·

46 1324 84 1368 bia
103 1323 177 1379 primo
194 1324 260 1366 inodo
280 1325 426 1378 aeeepba,esi
444 1322 555 1366 diabolica
574 1326 597 1367 et
614 1328 731 1378 peecatum

47 1382 217 1439 gravissimum,
231 1383 284 1438 quia
299 1382 402 1441 formalis
414 1382 503 1426 aversio
519 1395 533 1425 a
549 1384 605 1425 Deo.
620 1383 732 1440 Superbia
775 1392 783 1395 “

47 1457 91 1486 non
105 1444 307 1486 consummataest
322 1455 366 1497 qna
384 1441 434 1497 quis
449 1442 513 1485 salva
529 1443 557 1485 ad
575 1443 647 1486 Deum
659 1445 682 1487 ei
696 1457 730 1486 su·

47 1502 149 1560 periores
161 1501 299 1557 subjectione
314 1501 445 1557 seolusoque
459 1501 499 1544 ino
519 1514 543 1545 se
557 1502 651 1558 gerendi
666 1502 732 1546 niodo

48 1576 113 1607 suam
123 1562 260 1619 dignitatern
271 1561 428 1618 apprehendit,
441 1562 549 1616 aestimat,
560 1565 583 1606 et
594 1565 656 1606 amat
663 1576 732 1620 supra

47 1624 80 1678 id,
97 1625 155 1680 quod
169 1622 204 1666 nn
222 1622 336 1676 convenit,
353 1622 391 1665 vel
406 1623 474 1666 inest.
487 1622 575 1666 Dieibnr
590 1623 730 1680 inperfecta,

48 1696 92 1727 non
102 1684 160 1739 quod
171 1683 262 1739 proprie
274 1681 380 1739 snperbia
390 1683 434 1724 nbn
443 1682 488 1736 sii;
501 1683 540 1725 sed
548 1683 607 1739 quod
616 1684 644 1727 ad
656 1697 733 1740 supre-

48 1757 110 1788 mum
130 1744 241 1799 superbiae
259 1743 355 1799 gradum
369 1756 412 1786 non
429 1744 536 1786 ascendat
554 1743 684 1800 primusque
702 1744 733 1788 sit

49 1803 161 1860 superbiae
172 1805 245 1857 aetus,
258 1803 304 1858 qui,
318 1815 358 1858 per
376 1816 400 1846 se
411 1802 531 1858 loquendo,
544 1804 632 1846 veniale
644 1806 733 1851 tautum

50 1866 85 1906 esi
96 1866 222 1918 paccatum,
235 1863 295 1918 quia,
309 1875 337 1905 ex
348 1863 440 1917 recepta
454 1861 542 1917 regula,
555 1863 643 1918 qnando
655 1863 732 1919 objec-

49 1924 98 1966 tum
110 1925 144 1966 est
155 1923 183 1965 de
194 1936 218 1965 se
232 1920 363 1964 indifferens
379 1920 473 1978 ideoque
489 1922 583 1972 honeste
600 1923 731 1980 appetibile,

50 1984 75 2026 ui
96 1986 149 2027 suni
167 1982 309 2035 excellentia,
328 1981 437 2037 dignitas,
455 1982 535 2035 honor,
553 1982 612 2038 laus,
635 1978 732 2038 divitiae,

50 2042 120 2097 cibus,
139 2044 214 2100 pohns,
234 2039 348 2100 appetitus
365 2041 427 2086 illius
443 2041 584 2087 inordinatus
600 2058 641 2100 per
657 2057 682 2088 se
697 2043 734 2087 lo-

50 2103 146 2156 quendo.
161 2117 205 2146 non
226 2102 315 2147 excedit
335 2102 425 2160 eulpam
441 2102 562 2148 venialem.
576 2102 638 2158 Dixi,
653 2115 697 2162 per
710 2115 734 2149 se

51 2161 169 2220 loquendo,
187 2163 240 2220 quia
254 2176 295 2219 per
309 2162 413 2207 aeeidens
428 2163 478 2207 fieri
495 2165 571 2220 potest
584 2165 689 2219 mortale,
700 2163 734 2209 uti

51 2223 96 2264 alia
107 2223 316 2279 venialiasratione
327 2222 436 2274 scandali,
447 2222 500 2265 finis
511 2223 621 2279 adjuncti,
633 2226 677 2267 etc.
729 2226 731 2232 ²

80 2280 150 2327 58.-
159 2283 230 2340 Resp.
239 2282 281 2328 111.
294 2281 360 2328 Filia
366 2281 483 2340 superbiae
491 2282 556 2340 quasi
566 2282 732 2341 primogenitae,
758 2296 760 2299 ·
