1577 2464
50 79 105 126 '342
140 88 372 126 uno-eorrnssnarus
387 87 499 126 cananea
519 79 660 125 mansuerus
709 94 712 97 “

60 183 161 237 ferenda,
172 181 239 239 parvi
255 184 362 240 penditur
378 198 392 227 a
403 183 523 240 judicibus.
532 182 579 226 Est
594 185 670 226 autem
682 177 742 226 otii-

60 243 122 301 gatio
139 242 261 287 efficaciter
273 245 402 299 revocandi,
415 244 468 287 licet
481 244 592 296 metuant,
604 243 640 286 vel
655 241 742 299 praevi-

60 304 129 347 deant
140 315 164 345 se
175 304 204 345 ad
212 306 326 347 torturam
339 304 490 356 revocandos,
501 301 553 358 quia
563 301 586 344 in
604 302 653 358 pari
664 315 704 344 sua
719 304 743 345 et

60 361 159 420 proximi
169 362 304 407 necessitate
316 363 391 419 potior
401 362 459 407 ratio
474 362 607 414 innocentis,
620 375 687 418 quam
700 375 742 404 no-

61 422 134 468 centis
155 423 259 467 habenda
269 426 311 467 est.
329 423 401 478 Quod,
414 424 433 468 si
451 436 503 467 reus
520 422 548 465 ad
566 422 589 465 id
599 420 682 465 ⁴adduci
699 435 742 465 non

61 486 147 540 posset,
160 485 246 539 putans,
257 496 280 525 se
291 483 411 527 tormentis
427 483 569 539 adigendum,
582 485 607 523 ut
625 482 743 524 confirmet

62 542 131 598 dicta,
143 545 207 586 curet
218 541 381 598 Goniassartus,
392 546 417 586 ut
428 543 451 586 in
469 556 558 586 carcere
574 542 615 586 tiat
626 540 742 584 revocatio

61 604 156 660 scripto,
167 603 204 645 vel
215 616 270 645 voce
283 616 359 646 coram
369 604 454 647 duobus
465 603 571 656 testibus;
582 602 632 645 dein
644 604 744 656 exponat

57 676 113 707 team
131 675 206 704 coram
215 662 291 717 judice
303 676 316 704 a
327 676 366 704 reo
381 663 464 705 factam
475 663 625 720 praesentibus
635 663 742 715 testibus,

61 723 110 767 haec
119 720 196 765 valida
207 725 230 765 et
246 721 357 765 sufficiens
368 735 417 765 esse
429 723 507 779 debet,
520 723 582 778 sique
595 721 682 777 judices
694 734 743 764 eam
769 735 771 738 ·

58 780 184 824 admittere
198 784 311 835 recusent,
324 785 444 823 excusatus
464 784 498 823 est
520 783 578 836 apud
594 783 665 823 Deum
676 793 742 834 reus,

61 841 96 886 illi
107 853 171 895 vero,
184 839 204 884 si
220 844 299 884 contra
313 841 456 886 denuntiatos
473 841 603 897 procedant,
614 840 685 896 iniqui
701 840 745 884 ho-

61 900 153 946 micidae
162 902 223 954 sunt,
235 900 309 956 inquit
320 901 346 944 P.
358 901 421 944 Frid.
431 900 479 957 vSpe
492 898 623 956 (incautela
633 898 745 943 criminali

61 961 114 1005 duh.
128 959 165 1016 30,
175 974 197 1017 p.
207 960 270 1018 237),
278 961 301 1005 7,
312 960 337 1004 si
348 974 425 1003 carcer
435 961 465 1004 sit
476 961 603 1014 diuturnus,
611 961 743 1016 curandum,

62 1023 88 1066 ut
99 1020 203 1077 captivus
217 1033 306 1079 semper
317 1021 347 1064 sit
358 1020 446 1064 utiliter
457 1024 578 1077 occupatus
589 1022 681 1075 orando,
695 1033 745 1064 me-

57 1081 164 1135 ditando,
175 1081 279 1137 legende,
294 1083 347 1135 etc,
358 1094 399 1137 pro
416 1081 555 1137 capacitate:
568 1084 593 1124 ut
609 1094 674 1123 mane
684 1083 743 1135 oret,

33 1166 35 1173 π
63 1140 212 1185 intentionem
223 1143 310 1184 rectam
321 1140 390 1186 faciat
402 1141 501 1197 patiendi
511 1154 538 1187 eo
549 1140 593 1196 die,
606 1154 655 1197 quae
666 1140 745 1183 immi-

59 1200 134 1255 serit3
145 1201 222 1242 audito
233 1200 298 1256 pulsu
305 1213 420 1256 campanae
429 1201 457 1242 ad
467 1201 569 1252 Sacrum,
579 1213 605 1242 eo
617 1213 640 1243 se
652 1212 745 1242 conver-

64 1261 107 1314 tat,
120 1260 145 1303 et
155 1260 231 1303 missae
244 1261 320 1304 mente
332 1259 425 1304 assistat
435 1262 459 1304 et
470 1258 568 1316 spiritui
579 1259 602 1302 in
617 1259 692 1302 omnia
705 1260 746 1303 Sa-

29 1345 31 1349 ·
60 1319 157 1374 crificia,
168 1332 218 1376 quae
231 1333 272 1376 per
280 1321 357 1364 orbem
368 1320 433 1375 fiunt,
443 1333 467 1364 se
478 1321 632 1375 commendet;
645 1320 673 1363 ad
683 1321 745 1365 horae

4 1390 6 1393 ’
58 1379 163 1426 sonitum
184 1392 225 1436 per
244 1379 409 1425 Salutationem
431 1379 556 1436 angelicam
575 1382 638 1435 petat
656 1378 745 1425 felicem

63 1441 177 1495 mortem,
190 1440 333 1497 patientiam,
345 1440 535 1497 resignationem
552 1453 593 1497 pro
611 1440 745 1484 diversitate

63 1501 172 1544 horarum
185 1501 297 1557 recogitet
310 1502 402 1545 diversa
417 1501 528 1558 mysteria
543 1500 658 1550 Passionis
677 1501 746 1544 Ohri-

64 1561 104 1616 sti,
112 1563 155 1603 etc.
164 1560 186 1604 8.
194 1561 230 1603 Ad
237 1563 361 1604 cavendam
371 1574 459 1603 omnem
471 1560 619 1616 suspicionem
629 1560 746 1604 sinistram

57 1620 171 1677 expedire
182 1621 282 1673 videtur,
290 1623 316 1663 ut
326 1634 366 1663 reo
377 1620 531 1665 Confessarius
543 1620 678 1663 sententiam
686 1633 747 1663 mor-

63 1679 95 1723 tis
108 1689 152 1722 non
168 1679 265 1732 indicet,
276 1681 315 1722 sed
327 1692 355 1722 ea
366 1692 405 1734 per
416 1693 462 1733 eos,
472 1681 500 1723 ad
516 1692 571 1735 quos
583 1681 678 1733 spectat,
688 1679 750 1722 indi-

65 1740 125 1792 cata,
138 1738 223 1783 excitet
231 1753 305 1794 reum,
314 1741 340 1783 ut
351 1739 414 1782 illam
422 1754 436 1783 a
447 1740 501 1796 Deo,
511 1739 574 1782 velut
582 1744 645 1794 pusio
655 1738 743 1798 iudice,

66 1802 177 1855 acceptet,
186 1802 297 1856 proponat
310 1799 355 1856 ipsi
369 1801 495 1856 exemplum
507 1800 601 1854 Christi,
616 1810 639 1842 et
649 1803 747 1845 Sancto-

65 1871 126 1913 rum,
139 1859 176 1915 qui
187 1859 318 1904 innocentes
329 1859 396 1903 occisi
409 1863 461 1905 suut
471 1862 495 1906 et
504 1859 565 1904 inter
580 1872 617 1902 eos
627 1860 693 1904 multi
703 1862 745 1906 ad-

65 1919 109 1963 huc
120 1921 205 1963 tenerae
223 1919 307 1975 aetatis,
321 1923 346 1963 ut
360 1920 385 1977 S,
399 1921 484 1978 Agnes,
502 1919 645 1974 Pancratius,
656 1923 704 1965 etc.
720 1922 745 1966 Si

65 1978 135 2033 dicat,
149 1992 173 2022 se
183 1978 333 2036 innocentem,
345 1984 484 2038 reponatur:
498 1979 601 2025 Christus
612 1992 666 2024 vere
678 1981 746 2023 inno·

60 2052 119 2085 >cens
134 2038 190 2094 fuit,
203 2040 252 2083 haec
264 2043 304 2083 tua
314 2053 380 2096 poena
396 2043 466 2085 aIleo
486 2044 530 2094 est,
542 2053 618 2083 coram
635 2052 679 2096 quo
695 2041 746 2095 quis

16 2134 23 2143 ⁴.
64 2111 89 2145 se
108 2097 169 2143 dicat
187 2097 427 2144 innocentemlUuum
438 2099 527 2144 veniale
544 2102 661 2155 peccatum
677 2098 747 2155 plecti

64 2159 139 2204 morte
147 2160 257 2204 meretur.
271 2158 414 2216 Capaneus,
426 2163 451 2205 ut
466 2161 523 2204 hanc
533 2173 622 2216 poenam
637 2159 746 2203 admittas

64 2219 261 2277 temperaremus
271 2222 350 2276 parcat
363 2220 445 2265 animae
459 2223 505 2266 tuae
517 2219 540 2263 in
557 2222 674 2264 aeternum.
687 2218 747 2266 Sunt

57 2277 133 2339 torte,
143 2279 181 2339 qui
193 2279 301 2340 graviora
313 2281 474 2328 commiserunt
488 2279 546 2326 ethi
557 2294 601 2325 non
611 2279 745 2339 puniuntur,
