1577 2464
166 80 180 84 ¹-
229 48 244 108 j
285 60 344 94 anas
359 58 394 102 111,
410 58 486 107 ,catur
501 57 526 91 111
699 45 756 108 2635

49 174 50 177 =
65 145 159 201 morale,
172 145 236 203 cujus
247 145 505 204 signumsufficiensnon
516 147 559 199 est,
567 147 627 201 quod
639 152 745 192 reverea-

65 210 103 250 tur
117 205 216 261 (iterum,
237 207 313 261 aliqua
331 206 439 249 mandata
455 205 499 247 rite
516 209 648 260 exequatur,
671 219 744 262 genua

64 264 150 320 flectat,
162 268 240 323 pectus
248 265 343 322 tundat3
355 264 408 321 quia
418 264 467 308 haec
477 263 552 309 iacere
563 264 639 321 potest
650 265 745 311 destitu-

65 328 102 370 tus
113 339 155 370 usu
165 326 269 380 rationis,
282 326 374 381 eoquod
386 324 463 370 videat
470 324 515 369 ista
525 325 552 369 ab
564 324 615 369 aiiis
623 325 681 369 fieri.
694 326 745 371 Alia
755 380 756 383 Ἴ

65 386 158 444 proinde
169 387 234 445 signa
249 400 298 430 esse
316 385 407 441 debent,
425 385 501 442 qualia
518 385 616 430 indicavi
638 399 707 442 supra
717 387 744 430 do

65 445 150 503 pueris,
163 446 248 498 n.,100,
263 446 343 490 Stante
357 448 433 496 tamen
450 445 516 489 dubio
527 445 615 490 absolvi
629 445 705 503 potest
722 445 746 490 in

63 507 185 560 Paschate,
193 519 220 550 ue
232 506 315 560 anima,
324 505 343 549 si
352 504 411 549 forte
418 505 441 548 in
450 505 542 549 mortali
554 508 621 559 esset,
629 505 748 562 periclite-

64 569 111 611 tur.
124 567 196 619 Quod,
208 566 228 610 si
243 566 325 621 aliquis
341 569 402 610 esset
415 566 499 610 delirus
510 565 533 609 in
544 579 597 615 uno,
614 568 638 609 et
648 567 746 622 prudens

64 625 88 670 in
106 626 165 680 aliis,
178 640 249 683 capax
264 628 300 671 est
319 625 477 685 absolutionis3
488 625 541 682 quia
556 625 658 677 defectus
667 625 691 671 iu
702 622 755 671 uno'

63 688 185 743 provenire
210 688 285 744 potest
302 688 351 729 -exi
371 686 519 743 impressione
546 685 610 743 forti,
625 685 747 732 secundum

64 746 220 792 dictan.100.
355 745 357 747 ’

314 887 494 943 Quasrrou,

247 986 362 1042 Quomodo
373 999 424 1032 cunc
432 986 564 1032 nordostro?

63 1086 104 1124 193.
122 1088 212 1129 Quomodo
226 1088 316 1132 juvandus
333 1087 436 1123 surdaster?
445 1106 469 1115 -
478 1087 518 1123 tat.
528 1074 621 1129 ¹Quomodo
634 1074 746 1126 mutusnon

196 1133 274 1171 surdus?
280 1152 303 1162 -
313 1133 353 1172 195.
362 1133 453 1178 Quomodo
461 1134 527 1171 surdus
535 1139 553 1171 et
562 1132 635 1172 mutus‘t
654 1153 656 1156 .

94 1221 147 1266 193.
158 1222 265 1279 —Resp
278 1221 297 1266 Ι,
310 1222 432 1266 Surdaster
443 1221 585 1266 Goniessario
595 1222 694 1279 ignotus,
706 1222 745 1281 qui

6 1284 9 1289 ⁴
62 1281 145 1327 instrui
154 1297 198 1326 non
208 1283 292 1338 potest,
307 1283 346 1326 vei
361 1282 495 1335 examinari,
508 1283 562 1337 quin
569 1282 745 1331 circumstantes

63 1341 163 1396 audiant,
174 1340 287 1384 ducendus
296 1341 324 1384 ad
332 1341 406 1383 locum
414 1343 544 1397 separatum
554 1340 596 1399 (l),
605 1354 677 1397 neque
686 1355 745 1399 prac-

63 1400 122 1446 sumi
138 1413 227 1458 semper
242 1403 325 1458 potest,
345 1402 404 1456 quod
423 1405 489 1457 putat
511 1402 591 1455 Gobat,
617 1401 674 1446 tales
694 1399 758 1449 esse

63 1463 187 1515 contentos,
199 1463 222 1504 et
233 1474 261 1505 cx
270 1461 312 1504 hoc
322 1460 379 1518 ipso,
391 1462 448 1518 quod
459 1461 482 1504 in
495 1460 536 1504 tali
547 1461 596 1504 loco
605 1461 677 1506 velint
686 1476 743 1506 con-

63 1521 132 1576 fiteri,
142 1521 217 1565 facere
228 1523 364 1577 potestatem
375 1520 517 1566 Confessario
526 1521 630 1578 loquendi
641 1534 676 1576 ea,
690 1535 741 1579 quaa

63 1582 92 1625 ad
102 1580 265 1625 absolutionem
279 1583 391 1637 spectant,
409 1580 462 1624 iicet
484 1581 511 1624 ab
529 1581 580 1624 aliis
601 1581 742 1627 audiantur:

63 1640 128 1685 multi
138 1640 197 1683 enim
211 1642 293 1696 putant
302 1653 326 1684 se
337 1640 369 1685 sic
383 1640 494 1695 confiteri,
508 1643 532 1683 ut
544 1653 599 1697 opus
609 1654 652 1684 non
664 1641 695 1685 sit
706 1642 744 1685 in-

62 1700 224 1756 terrogatione.
235 1700 259 1743 Si
271 1700 412 1744 Goniessario
420 1703 496 1744 autern
506 1703 629 1745 notaesset
637 1700 744 1747 innocens

62 1760 112 1803 vita
133 1758 251 1810 surdastri,
276 1761 352 1813 posset
371 1759 458 1803 absolvi
482 1758 583 1814 injuncta
600 1759 742 1816 poenitentia,
756 1801 760 1808 .,

63 1819 200 1864 ostendendo
217 1817 338 1873 rosarium,
358 1820 395 1862 vel
415 1818 506 1875 digitos,
529 1820 596 1875 prout
611 1819 743 1877 interipsos

54 1952 55 1955 =
86 1931 111 1978 (i)
120 1931 144 1968 Cf.
155 1931 173 1966 S.
183 1931 236 1976 Alph.
247 1931 298 1967 Hom.
309 1940 337 1975 ap.
351 1935 373 1966 tr.
386 1930 415 1974 16,
426 1931 448 1967 35
463 1936 480 1967 et
491 1931 543 1968 Prax.
555 1931 635 1977 cunin.
650 1932 743 1968 tot.«1n

63 1978 118 2014 dubio
133 1988 203 2023 semper
219 1977 346 2013 consuleudnm
360 1982 387 2012 est
400 1978 459 2023 potius
469 1978 529 2025 sigillo
542 1979 674 2024 sacramentali,
689 1989 743 2026 quam

63 2026 161 2071 integritati
171 2022 400 2071 ‘tconiessiouisipideoque
410 2025 531 2060 confessarius
541 2036 573 2062 nec
586 2026 607 2061 de
621 2023 695 2061 numero
710 2035 743 2062 uec

63 2072 85 2107 de
94 2072 233 2107 circumstantiis
243 2078 276 2107 otc.
290 2071 419 2116 interroget...
437 2073 498 2117 Neque
514 2072 558 2107 forte
569 2073 646 2118 expedit,
660 2072 742 2108 foeminas

62 2118 112 2154 horis
120 2118 231 2163 intempestis
240 2127 335 2161 arcessere,
345 2117 416 2162 quando
424 2127 476 2153 nomo
486 2118 531 2153 alius
540 2125 620 2154 versatur
629 2121 648 2154 in
659 2118 740 2162 ecclesio,

62 2168 99 2199 tum
107 2165 149 2210 quia
157 2174 193 2199 non
201 2164 250 2200 abest
257 2164 348 2200 fortuitum
357 2163 470 2199 revelationis
479 2165 584 2208 periculum,
593 2171 630 2200 tum
638 2165 691 2199 etiarn
698 2164 742 2209 quia

62 2210 162 2294 gofiestatis
170 2210 242 2246 omnino
251 2214 324 2256 prestat
332 2209 439 2255 prospicere.
450 2221 461 2244 >›
471 2210 517 2256 Gury
529 2211 550 2257 tt,
559 2210 600 2255 503,
613 2222 630 2257 q.
640 2209 658 2255 6,
667 2214 709 2245 nota
718 2208 741 2257 (a)

76 2265 85 2293 a
101 2266 153 2294 erim.
