1577 2464
225 82 226 85 ¹
259 96 326 132 '‘rnas
333 100 368 141 ,11,
389 98 491 137 ,oarurr
665 84 666 87 ’
691 85 719 130 81

28 193 109 247 ,viter3
130 188 185 244 imo,
203 187 293 245 quando
309 185 368 230 actio
380 189 415 230 est
425 185 528 247 honesta,
541 183 579 228 vel
590 198 633 229 non
650 186 719 242 mala,

36 265 78 312 per
93 262 117 295 se
128 250 215 293 nullum
231 250 266 289 est
277 248 402 303 peecatum,
416 245 506 299 saltem,
521 244 539 289 si
551 244 612 289 adsit
629 246 667 289 vel
679 259 720 290 ue-

37 311 140 364 cessitaS,
152 309 189 352 vel
198 309 259 350 ratio
268 307 370 359 honesta,
382 309 422 349 aut
433 305 496 349 utilis
508 304 613 361 ponendi,
624 304 661 348 vel
670 319 721 349 con-

38 370 140 415 tinuandi
151 369 220 412 talem
228 367 348 411 actionem.
362 365 431 409 Ratio
442 364 522 422 primae
530 365 603 422 partis
615 368 658 419 est,
669 365 722 420 quia

39 443 107 475 causa
118 441 159 485 per
169 428 272 471 accidens
284 441 327 470 non
341 429 376 469 est
392 439 446 469 vere
457 430 526 468 causa
536 425 629 469 effectus
640 427 720 469 secuti.

37 491 96 536 Hinc
107 488 202 545 pollutio
214 491 266 530 tunc
278 500 320 530 non
336 487 395 530 foret
407 485 500 529 effectus
517 485 611 529 virtutis
623 498 722 541 genera-

37 551 102 604 tivae,
113 549 153 592 sed·
164 547 300 604 expulsivam
311 546 364 604 quia
375 559 444 590 eausa
453 559 554 591 ,venerea
566 545 667 589 adhibita
678 559 722 589 non

38 612 107 654 esset.
120 608 189 652 Ratio
200 608 303 651 secundae
320 606 393 664 partis
408 609 451 661 est,
464 606 517 663 quia
528 606 621 649 effeetus
637 609 723 663 praeter

38 668 188 715 intentionem
203 682 298 724 sequens
313 682 357 711 non
373 667 508 723 imputatur,
525 668 568 710 uisi
582 667 652 710 fuerit
664 666 723 709 obli-

39 730 101 785 gatio
113 741 156 770 non
167 728 264 783 ponendi
276 740 366 769 oausam
378 738 382 769 :
396 728 427 769 At
438 726 491 769 talis
503 726 611 781 obligatio
621 738 664 768 non
676 727 720 779 est,

39 788 127 847 qnando
139 787 204 831 adest
218 787 349 842 necessitas,
362 786 400 830 vel
416 785 475 831 ratio
486 785 590 841 honesta,
606 786 643 831 vel
660 786 722 831 utilis

40 848 136 906 ponendi
147 849 216 891 talem
226 859 331 900 causam3
344 848 382 890 sed
389 851 442 891 tuno
446 847 485 902 jus
492 846 555 889 nobis
565 848 601 890 est
611 847 638 889 ad
648 845 721 900 illam,

39 909 158 965 potiusque
173 912 226 950 tuuc
237 908 346 964 patimur,
359 920 425 962 quam
438 906 540 962 ponimus
552 906 610 950 tales
620 906 721 951 effectus

39 969 111 1022 Quod,
135 967 179 1011 nisi
199 981 278 1010 verum
295 970 364 1022 esset,
381 967 512 1011 innumeras
529 966 630 1010 actiones
644 967 721 1021 utiles,

39 1029 154 1080 honestas,
164 1027 210 1070 imo
222 1027 360 1070 necessarias
368 1030 498 1071 teneremur
506 1025 588 1080 vitare,
601 1040 652 1083 quae
663 1025 724 1069 obli-

40 1088 102 1144 gatio
118 1087 209 1131 cederet
220 1087 243 1130 in
255 1087 425 1140 detrimentum,
442 1091 465 1130 et
479 1087 621 1130 eversionem
633 1086 723 1144 generis

39 1146 141 1199 humaui,
152 1151 176 1189 et
183 1151 244 1190 esset
254 1147 413 1199 intolerabilis,
424 1146 518 1202 proinde
527 1159 575 1190 esse
585 1160 628 1188 non
637 1148 721 1202 potest,

39 1219 91 1249 eum
109 1205 147 1248 lex
158 1206 230 1249 omnis
243 1206 324 1249 debeat
340 1219 389 1249 esse
403 1205 427 1248 in
438 1206 521 1248 bonum
535 1218 665 1260 eommune3
678 1205 731 1248 imov

39 1266 90 1321 plus
102 1265 163 1318 boni,
177 1279 244 1321 quam
256 1265 304 1322 ejus
316 1265 407 1321 negatio
419 1265 509 1308 afferre.
521 1265 574 1308 Dixi
588 1279 592 1309 :
605 1263 660 1311 Noa
669 1278 724 1323 peo-

40 1329 77 1369 cot
90 1325 204 1382 praviter,
219 1325 300 1370 saltem
312 1329 391 1369 eorttro
401 1325 531 1370 castitatem
542 1344 551 1369 .·
562 1339 614 1368 narn
630 1327 648 1369 si
664 1325 724 1369 actio

41 1390 102 1429 esset
113 1386 217 1440 graviter
228 1385 289 1428 mala
298 1389 377 1429 contra
387 1385 455 1428 aliam
464 1385 583 1439 virtutem,
594 1385 725 1429 mortaliter

40 1447 174 1500 peccaretur
184 1448 264 1488 contra
274 1444 346 1499 illam,
360 1449 393 1499 ut,
406 1445 425 1488 si
436 1445 486 1502 quis
498 1459 521 1489 se
531 1445 656 1489 inebriaret
666 1458 725 1502 prte-

41 1504 121 1548 videns
131 1507 259 1549 secuturam
271 1505 419 1562 pollutionem
431 1507 454 1549 in
466 1519 553 1549 somno.
567 1506 638 1550 Putat
648 1508 725 1549 tamen

42 1565 124 1607 Sanch.
138 1565 231 1620 peccari>
244 1565 366 1608 venialiter
377 1569 457 1608 contra
469 1565 608 1619 castitatem,
628 1578 654 1608 eo
666 1567 725 1621 quod

41 1624 147 1667 videatur
161 1624 219 1668 levis
234 1625 310 1680 aliqua
321 1625 462 1668 deordinatio
476 1628 556 1669 contra
572 1625 644 1669 illam.
662 1625 726 1669 idem

41 1683 97 1728 dicit
106 1684 220 1740 Layman,
231 1684 381 1739 etPlatelius,
391 1684 410 1729 si
419 1689 517 1742 ponatur
529 1698 604 1740 causa,
617 1685 655 1729 vel
666 1685 726 1730 actio

42 1744 69 1786 de
86 1757 167 1787 senon
181 1745 243 1788 mala
258 1745 306 1787 sine
316 1746 378 1801 justa
395 1759 470 1789 causa.
489 1746 581 1790 Rhodes
593 1750 616 1789 et
627 1745 727 1802 Arriaga

42 1806 129 1858 tenent,
146 1803 189 1846 non
206 1805 295 1861 peccari
311 1810 390 1849 contra
405 1806 543 1859 castitatem,
561 1806 613 1861 quia
627 1806 666 1849 illa
683 1819 727 1849 non

42 1864 148 1917 prohibet
160 1864 268 1917 actiones,
282 1864 325 1906 nisi
337 1878 378 1920 per
394 1878 418 1907 se
429 1864 557 1925 inductivas
573 1866 601 1908 ad
613 1878 725 1918 venerea3

42 1928 87 1964 n'on
98 1935 153 1964 vero
166 1923 222 1965 alias
238 1924 307 1966 etiam
324 1923 405 1978 malas,
419 1923 491 1967 multo
502 1924 576 1967 minus
594 1925 672 1978 bonas,
688 1929 728 1969 aut

42 1980 198 2025 indifferentes
211 1995 216 2027 ε
230 1983 345 2027 andelam
358 1996 438 2039 parum
447 1988 560 2040 repugnat
571 1985 681 2037 castitati,
691 1998 728 2028 co-

44 2042 135 2098 medere
146 2055 226 2094 carnes
237 2042 273 2087 die
284 2041 366 2097 vetita,
381 2056 448 2099 quam
460 2044 505 2087 alia
516 2042 559 2103 (l).
572 2044 640 2100 Hinc,
652 2057 693 2101 per
704 2058 728 2088 se

42 2098 162 2158 loquendo,
176 2103 242 2159 culpa
260 2106 327 2147 vacat
347 2107 422 2148 motus
442 2118 562 2158 venereus,
578 2106 616 2148 vel
633 2105 728 2162 pollutio

42 2161 142 2215 praevisa
152 2161 176 2205 in
186 2162 277 2220 legente
289 2176 317 2207 ex
323 2162 387 2219 justa
396 2176 465 2208 nausa
472 2177 537 2210 casus
546 2166 573 2209 de
580 2164 677 2210 materia
686 2177 730 2208 ve-

66 2291 91 2338 n)
102 2293 127 2330 cr.
136 2294 154 2332 s,
166 2295 220 2341 npn
231 2296 250 2340 a,
260 2295 301 2339 vsi,
312 2295 344 2338 1v;
353 2294 428 2342 aaaron
436 2296 449 2332 1.
462 2296 480 2342 a,
488 2306 506 2343 p.
517 2297 535 2343 a,
547 2306 565 2332 n.
577 2295 663 2332 aua-orn.
744 2337 746 2340 ,

593 2390 594 2393 =
664 2375 681 2413 a.
