1577 2464
66 87 113 136 166
150 101 509 136 nuo-conrassaaius-ennermu
525 102 665 134 msnauorus

58 187 161 235 ¹(lroixl.
171 189 213 245 VI,
225 204 249 247 p.
261 191 285 246 2,
297 205 335 234 nu.
347 191 414 246 1854,
426 204 468 248 per
479 183 642 246 experientiam
654 189 749 245 aliouJus

58 248 202 306 ,poenitentis
213 263 237 294 se
250 251 317 303 seire,
334 251 391 306 quod
409 250 536 306 exemplum
552 249 598 292 viri
615 249 694 304 sobrii,
706 263 749 305 pa-

67 308 194 365 tientiaque
208 313 232 353 et
246 310 362 354 moderata
377 309 478 366 ejusdem
490 309 613 353 admonitio
626 309 677 364 plus
693 321 749 365 pro·

61 367 147 424 fuerit,
167 382 235 425 quam
252 370 356 423 verbera,
376 369 414 412 vel
431 371 496 413 rixae.
513 369 575 419 Quod
591 368 650 412 siet
666 368 703 413 vir
719 368 751 413 sit

56 429 180 473 ebriosus.
196 428 218 472 1.
238 429 371 484 Monendus,
385 432 410 472 ut
426 431 485 473 uitet
500 428 635 482 occasiones,
649 431 673 472 et
690 429 749 471 0b1i-

68 489 166 546 gandus,
185 489 211 532 ut
228 488 305 533 diebus
316 489 362 533 illis
378 489 491 533 abstineat
507 492 534 533 ab
551 489 611 533 omni
628 491 681 545 potu
698 489 750 532 ine-

67 548 178 602 briativo,
190 547 270 604 quibus
286 550 425 603 praevidetur
442 549 519 592 futura
531 549 629 601 oooasio;
651 549 688 590 vel
699 548 750 605 plus

69 606 192 659 nonbibet,
202 620 268 664 quam
278 621 319 666 per
329 609 494 666 experientiam
505 610 570 664 soiat,
581 622 605 652 se
613 621 678 665 posse
683 607 751 652 salva

61 668 222 723 ,temperantia
237 674 338 724 portare.
350 670 373 713 2.
386 669 438 723 Vel,
452 669 496 713 nisi
505 671 558 726 quid
573 671 655 723 obstet,
666 676 751 713 voveat

3 784 7 786 ⁴
67 741 111 785 [per
122 726 213 784 aliquod
222 726 311 785 tem'pus
320 730 434 773 abstinere
443 743 457 773 a
465 731 528 784 vino,
537 730 574 772 vel
585 744 628 772 non
639 730 701 772 adire
712 735 752 772 ta·
779 738 782 756 ³

69 789 173 842 bernam,
185 787 222 832 vel
239 789 320 833 saltem
336 804 380 833 non
397 789 447 845 plus
463 789 548 843 bibere,
561 803 628 845 quam
641 789 698 833 soiat
710 802 750 831 rau

68 847 127 893 tioni
145 860 189 892 non
200 848 287 893 obesse.
299 849 394 898 Quodsi
406 853 485 893 votum
500 849 570 894 faeiat
581 848 671 893 oinnino
683 849 751 893 absti-

69 906 138 953 nendi
153 921 168 952 a
182 907 244 962 vino,
259 909 283 953 id
299 923 343 952 non
354 910 420 953 debet
438 923 462 954 se
479 911 601 956 extendere
619 910 646 952 ad
658 910 751 966 longum
781 920 782 923 ’

69 971 168 1023 tempus,
185 982 208 1011 v.
221 981 257 1024 gr.
271 967 299 1012 ad
309 969 424 1025 integrum
441 981 550 1022 mensem,
568 969 621 1023 quia
632 969 659 1010 ob
671 982 751 1013 assue-

69 1026 181 1081 tudinem,
201 1031 295 1072 autnon
309 1028 418 1082 servabit,
433 1031 472 1072 aut
482 1027 571 1072 nocebit
582 1028 708 1071 valetudini
723 1029 752 1072 ab

70 1100 115 1132 uuo
124 1092 228 1132 extremo
240 1090 268 1132 ad
280 1087 378 1133 alterum
389 1090 533 1133 transeundo.
551 1088 635 1132 Metius
648 1091 683 1131 est
693 1102 752 1145 pau-

69 1147 136 1193 latim
154 1148 197 1192 sibi
212 1149 353 1204 subtrahere,
367 1150 435 1193 donee
450 1149 575 1206 perieulum
586 1162 610 1193 se
625 1148 751 1192 inebriandi

71 1207 163 1252 evadat.
174 1208 210 1252 La
226 1209 319 1253 Groixa
335 1223 397 1253 num.
412 1210 477 1254 1851.
490 1210 513 1252 3.
526 1209 596 1252 Juvat
615 1221 703 1265 quoque
714 1209 752 1251 in-

67 1267 168 1324 jungere
186 1267 229 1322 illi,
242 1271 268 1312 ut
284 1281 298 1312 a
311 1269 450 1313 oonfessione
466 1269 557 1312 domum
572 1281 679 1312 reversus
691 1268 752 1312 dieat

71 1326 146 1382 uxori,
160 1329 193 1384 ut,
212 1328 300 1385 quoties
316 1328 400 1374 viderit
415 1330 494 1383 adesse
510 1328 643 1386 periculum,
661 1332 752 1374 moneat

70 1392 96 1432 et
110 1388 210 1431 invitum
226 1390 296 1432 etiam
307 1389 424 1446 impediat.
440 1390 463 1432 4.
479 1389 590 1431 Jubeatur
608 1390 753 1431 considerare
774 1437 776 1441 ¹

70 1447 205 1504 quandoque
215 1449 263 1497 haee
274 1448 371 1505 quinque
382 1453 465 1504 puncta
478 1460 483 1493 :
498 1449 556 1497 Quid
567 1448 660 1491 fecisti?
674 1449 752 1497 Quan-

70 1510 121 1553 tum
131 1506 267 1564 perdidisti?
285 1508 363 1559 Qualis
377 1523 417 1566 per
428 1507 561 1554 ebrietatem
573 1507 681 1553 evasisti?
697 1508 754 1558 Quae

70 1568 184 1626 supplioia
194 1569 313 1615 meruisti?
324 1571 382 1619 Quid
390 1569 439 1624 jam
452 1570 520 1613 toties
535 1568 675 1627 promissat
694 1570 753 1615 Vide

70 1630 142 1674 etiam
163 1629 225 1673 diota
242 1643 304 1675 num.
323 1630 361 1675 88.
384 1629 407 1674 5.
429 1631 454 1675 Si
468 1633 563 1686 cogatur
580 1631 700 1687 prandere,
715 1630 754 1673 vel

59 1701 142 1745 ,agere
151 1701 203 1733 oum
213 1689 265 1734 aliis
281 1689 418 1739 bibentibus,
430 1703 470 1733 neo
488 1689 577 1733 omnino
593 1689 667 1746 possit
681 1690 754 1733 deoti—

62 1760 138 1800 aare,
151 1750 294 1806 suggerenda
308 1754 361 1794 sunt
374 1750 449 1793 media
465 1748 578 1799 naturalia
595 1763 636 1805 pro
653 1746 755 1793 eavenda

73 1806 194 1864 ebrietate,
206 1822 257 1865 quae
264 1810 368 1866 suggerit
379 1809 451 1854 Gobat
462 1809 486 1852 in
496 1809 605 1858 Quinario
615 1812 633 1854 t.
645 1809 675 1863 V,
688 1824 708 1854 o.
721 1823 752 1862 m,

72 1867 92 1914 f.
105 1868 128 1921 1,
141 1867 271 1925 12,>quibus
280 1873 357 1913 tamen
368 1868 402 1912 uti
411 1883 454 1912 non
465 1869 519 1913 iioet
528 1868 576 1913 sine
587 1867 719 1913 rationabili
731 1872 754 1912 et

72 1929 165 1973 tantum
182 1929 232 1985 plus
250 1929 340 1974 bibendi
357 1942 433 1981 eausa,
452 1929 505 1985 quia
516 1943 556 1972 neo
574 1928 692 1982 sobrietas,
714 1943 754 1973 nee

73 1988 213 2033 valetudinis
227 1988 359 2048 frangendae
371 1989 496 2046 periculum
507 1990 530 2033 id
545 1988 665 2044 permittit.
678 1977 756 2034 Media

73 2052 153 2093 autem
168 2048 279 2105 ejusmodi
289 2054 342 2096 sunt
359 2063 365 2095 :
382 2051 403 2094 1.
416 2051 485 2095 Mane
502 2062 590 2093 sumere
604 2050 753 2104 jentaeulum.

63 2108 98 2159 2.
110 2107 179 2151 Gibos
190 2110 243 2152 ante
254 2112 331 2165 potum
343 2109 426 2153 solidos
437 2110 512 2152 edere.
528 2110 551 2152 3.
565 2109 687 2152 Comedere
698 2113 755 2155 aute

74 2180 163 2222 amara,
182 2168 221 2211 vel
240 2169 363 2215 brassicam
379 2170 474 2214 acidam.
492 2170 514 2212 4.
534 2168 585 2213 Non
596 2169 673 2213 bibere
690 2169 756 2213 verua

77 2229 138 2275 uino.
155 2229 179 2274 5.
191 2229 254 2274 luter
267 2230 387 2274 bibendum
404 2245 448 2275 non
463 2231 530 2273 edere
541 2229 602 2273 oibos
616 2228 755 2279 fiatulentes.

76 2288 99 2336 6,
110 2287 137 2336 Io
153 2290 341 2347 principebus
353 2291 429 2340 bibere
447 2289 559 2339 causando
573 2302 638 2339 suam
654 2288 757 2346 indispo-
