1577 2464
71 84 116 128 234
152 97 391 151 NEO-GONFnssARIUS'
401 100 512 131 aaronica
531 77 692 135 rasrnuorus'¹

71 185 161 228 casione
175 186 288 240 proxima,
307 200 379 240 secus,
397 201 422 230 ac
434 188 532 230 existens
544 186 683 229 incontinua
696 199 700 229 ;
716 187 753 230 liic

72 243 146 298 enim3
165 242 220 287 licet
236 245 295 288 torte
312 245 393 289 affectu
410 246 473 289 illam
495 247 592 298 deserat,
610 259 654 287 non
676 249 751 287 tamen

44 305 47 307 ’
73 304 159 348 deserit
169 305 258 358 effectu,
270 309 349 362 estque
359 306 394 350 illi
405 307 528 362 periculum
539 305 654 359 relabendi
664 318 754 361 semper

33 421 35 423 Ι
73 377 182 420 praesens.
196 365 271 420 Quod,
290 366 308 408 si
331 366 400 409 semel
418 371 484 422 atque
498 367 589 418 iterum,
605 366 654 409 sive
671 364 752 419 eidem,

74 423 123 469 sive
134 425 226 469 diverso
243 425 385 469 Ooniessario
396 427 415 469 is
430 427 497 483 fidem
514 426 627 482 fregisset,
646 438 671 469 ac
683 425 754 468 tertio

6 485 8 487 ’
74 486 254 529 emendationem
263 486 415 543 promitteret,
426 487 550 530 differenda
559 489 618 530 esset
629 484 749 539 absolutio,

74 559 144 601 usque
156 547 208 589 dum
220 546 346 589 emendatio
358 551 479 602 appaream
490 548 550 603 quia,
563 560 612 590 cum
624 547 652 589 ab
663 545 703 588 illa
713 559 753 588 oc-

73 606 164 649 casione
185 606 262 648 abesse
279 605 345 648 facile
362 607 442 661 possit,
460 611 483 650 et
500 621 542 650 non
563 607 627 660 vitet,
647 606 668 649 ei
686 605 754 649 fidem

72 665 120 721 jaun
138 666 256 719 aliquoties
272 678 315 707 non
327 665 437 720 servanti,
455 667 514 709 credi
530 667 590 709 ultra
607 680 649 709 non
669 668 751 720 potest.

74 725 165 781 Excipe,
178 724 222 768 nisi
233 724 409 768 circumstantiae
421 729 496 769 essent
507 726 655 780 mutatae„vel
666 725 754 768 occasio

74 785 135 836 talis,
150 786 174 826 ut
188 784 343 827 Confessarius
354 786 478 841 prudenter
490 799 582 840 sperare
598 789 682 841 posset,
696 786 753 841 quod

22 875 23 878 η
74 844 187 901 poenitens
204 857 245 900 per
262 844 336 887 media
349 844 464 899 specialia,
482 846 591 888 hactenus
608 847 628 888 ei
644 859 686 887 non
699 858 754 899 sug-

75 907 148 962 gesta,
169 903 199 946 sit
215 918 243 946 ex
262 904 378 947 occasione
397 905 502 961 proxima
519 905 621 949 facturus
632 911 752 948 remotam.

105 965 156 1009 173.
169 989 200 997 —
213 965 284 1021 Resp.
297 965 325 1009 V.
338 964 380 1013 Qui
391 965 529 1009 occasionem
541 965 668 1021 proximam
680 967 756 1008 conti-

74 1035 151 1079 nuam,
167 1027 215 1066 sine
227 1028 327 1078 peceato,
343 1029 366 1067 et
378 1027 443 1079 gravi
455 1025 604 1078 incommodo,
621 1029 644 1068 et
654 1040 720 1078 nunc,
733 1031 755 1067 et

75 1087 127 1128 ante
142 1083 281 1138 evitabilem,
299 1084 568 1139 adeoque‘voluntariam
585 1098 627 1127 non
646 1085 759 1128 deseruit·

75 1158 116 1202 per
127 1158 151 1188 se
165 1144 284 1201 loquendo,
297 1145 446 1188 absolvendus
458 1159 501 1189 non
513 1147 556 1199 est,
573 1144 615 1187 nisi
631 1158 679 1187 eam
694 1145 757 1200 prius

75 1207 179 1258 deserat3
201 1205 244 1248 etsi
267 1205 400 1261 promittat,
419 1220 442 1248 se
460 1220 510 1248 eam
530 1204 634 1261 deinceps
656 1205 756 1248 desertu-

18 1313 20 1316 ,
76 1279 126 1309 rum
147 1263 188 1324 (1).
210 1266 245 1308 Ita
265 1267 288 1308 S.
313 1265 406 1309 Carolus
427 1266 572 1309 Borromaeus
592 1279 613 1321 p.
641 1264 663 1318 3,
686 1264 754 1308 lustr.

75 1326 186 1382 pastoral.
197 1326 226 1368 Et
237 1326 296 1367 ratio
308 1328 350 1378 est,
364 1326 424 1380 quia,
437 1339 488 1368 cum
503 1325 614 1381 poenitens
630 1339 679 1367 eam
691 1325 771 1367 facile

76 1386 181 1428 deserere
193 1385 301 1439 potuerit,
319 1391 343 1430 et
358 1399 402 1426 non
418 1384 552 1437 deseruerit,
573 1387 701 1439 suspectum
722 1388 756 1427 est

76 1446 125 1501 eJ'us
137 1444 285 1502 propositum,
299 1444 463 1500 exponiturque
475 1443 576 1501 periculo
588 1444 690 1500 proximo
699 1443 757 1486 rela-

76 1505 151 1555 bendi,
164 1517 257 1559 eamque
269 1517 312 1546 non
324 1505 452 1557 deserendi,
463 1505 506 1546 nisi
518 1505 587 1547 timor
597 1506 705 1558 negandae
715 1504 756 1547 ab·

76 1565 194 1609 solutionis
215 1564 325 1607 retrahat,
347 1564 420 1616 Unde,
442 1577 483 1620 per
502 1577 526 1606 se
543 1563 661 1620 loquendo,
682 1563 758 1607 absol-

76 1626 163 1669 vendus
173 1638 216 1667 non
226 1627 260 1667 est
269 1637 358 1679 magus,
369 1624 413 1666 nisi
422 1623 485 1679 prius
496 1626 586 1680 pactum
595 1638 645 1667 cum
657 1624 758 1667 daemone

12 1709 24 1721 s
77 1684 200 1737 rescindat,
220 1685 369 1739 extradatque
390 1683 464 1726 omnia
481 1683 631 1727 instrumenta
649 1683 758 1726 diabolica

78 1744 228 1788 comburenda
239 1756 244 1787 τ
259 1758 300 1787 nec
315 1743 431 1799 possidens
441 1744 572 1787 beneficium
585 1745 705 1787 simoniace
716 1744 759 1787 cb-

78 1807 175 1855 tentum,
188 1804 231 1845 nisi
243 1806 283 1847 aut
293 1803 406 1846 dimiserit
416 1802 479 1856 illud,
492 1807 531 1847 aut
542 1817 607 1847 suum
618 1803 706 1857 iecerit,
719 1806 759 1846 aut

75 1863 167 1908 >ferveat
180 1864 227 1919 jam
239 1877 315 1920 opera,
334 1867 359 1906 ut
370 1863 410 1907 fiat
420 1863 491 1920 ipsius
507 1876 511 1907 :
529 1877 577 1917 nec,
590 1863 627 1919 qui
638 1862 705 1906 facile
716 1877 758 1919 po·

77 1925 135 1977 tuit,
158 1926 267 1980 modoque
291 1926 366 1979 potest
392 1937 498 1976 reparare
520 1937 614 1980 gravem
634 1923 756 1979 injurians

78 1985 183 2043 proximo
194 1983 280 2026 illatam
290 1983 312 2026 in
324 1983 388 2026 bonis
398 1986 503 2038 fortunae,
516 1985 584 2037 fama,
598 1984 691 2036 honore,
702 1986 757 2036 etc,

79 2051 102 2089 et
113 2059 156 2089 non
172 2045 288 2099 reparavit
301 2056 306 2086 :
320 2058 391 2100 neque
403 2045 581 2098 concubinarius,
597 2045 641 2086 nisi
652 2043 760 2087 concubi-

78 2120 130 2149 nam
143 2103 257 2148 dimiserit
271 2118 284 2147 a
299 2117 331 2154 sc,
348 2104 389 2146 etsi
401 2105 483 2161 ploret,
497 2108 519 2146 et
531 2105 658 2160 promittat,
675 2118 707 2159 se,
721 2104 758 2146 ubi

56 2167 58 2170 ’
79 2166 170 2210 domum
190 2164 293 2219 redierit,
314 2166 390 2208 statim
408 2165 562 2219 dimissurum,
580 2164 687 2220 maxime,
705 2163 724 2208 si
736 2164 759 2207 id

101 2296 127 2345 p)
136 2296 162 2333 cr.
173 2295 191 2331 s,
202 2295 255 2341 diph.
267 2294 280 2329 1.
290 2303 306 2329 e.
