1577 2464
275 90 334 122 rnns
350 90 396 131 111,
402 88 476 121 carun
492 88 516 120 vr
689 71 735 119 285

54 189 135 220 verum
146 150 259 233 dolorcm3
271 178 352 234 quibus
369 176 429 219 enim
442 179 645 233 temperamentum
657 176 734 220 durius

33 275 35 283 ἴ
54 240 98 290 est,
120 250 203 293 corque
220 238 295 281 minus
313 239 426 289 tenerum,
448 235 561 279 difficilius
577 240 695 279 moventur
707 238 734 281 ad

55 297 155 341 dolorem
171 298 310 350 sensibilem,
323 310 366 352 quo
383 295 486 339 verbaet
477 298 552 351 tgest
554 296 733 344 usanimentur:
763 299 768 316 ³

54 357 137 401 hicaut
138 355 469 401 cmdolornccessariusnones
471 357 537 411 t3sed
548 355 629 399 sufficit
620 358 674 399 ttra
675 355 735 399 iona-

55 417 107 459 bilis
118 415 181 461 dolor
193 419 247 460 vitae
255 417 388 473 praeteritae,
399 420 421 459 et
431 419 535 474 prompta
546 416 650 459 voluntas
658 429 736 458 emen-

55 478 130 532 dandi,
152 492 200 535 quac
219 477 297 521 adesse
316 477 440 534 judicatur,
462 476 480 521 si
504 477 614 533 poenitens
639 476 736 520 libenter

55 538 229 582 admonitionem
250 541 272 581 et
285 539 455 582 instructionem
467 538 573 581 admittat
585 550 590 580 ε
604 536 622 580 si
641 540 736 580 conatus

54 598 156 643 sincerus
168 598 300 641 emendandi
312 597 454 654 praecesserit
468 609 473 640 :
487 597 505 642 si
516 598 620 641 ostendat
631 610 655 641 se
667 609 736 653 para·

55 658 143 701 tumaci
161 657 272 714 expianda
283 661 375 714 peccata
389 657 527 715 poenitentiis
546 656 676 714 propositis,
687 669 736 712 quae

55 718 126 761 statui
142 719 200 785 ejus,
221 721 246 760 et
261 718 382 762 conditioni
394 732 438 760 non
457 720 509 760 sunt
527 718 595 760 nimis
612 721 695 772 graves
714 720 737 759 ct

55 777 247 821 inconvenientes.
268 778 331 826 Quod
351 777 370 821 si
390 777 473 821 doloris
489 780 513 820 et
528 776 638 834 propositi
655 774 738 820 sinceri

55 837 121 893 signa
130 837 178 881 haec
189 837 292 880 deessent
295 871 300 893 ,
283 837 456 906 tproponenda
470 837 504 880 ilii
514 842 589 881 essent
598 839 645 880 mot
646 835 684 880 iva
695 837 737 881 do-

55 897 119 953 loris,
132 890 240 956 pericula,
248 898 333 941 etct
297 900 333 953 ,et
340 901 399 941 excit
383 897 470 942 'tandus
482 897 509 942 ati
519 898 618 942 dolorem
630 911 670 955 pro
682 911 737 942 cou-

56 958 96 1003 dit
80 961 141 1003 tione
152 972 192 1002 sua
203 960 325 1002 secundum
336 958 403 1002 dicta.

314 1106 414 1152 CAPUT
434 1108 475 1152 VI.

60 1214 176 1273 Quorlcodo
208 1217 352 1276 Confessmn'n
372 1217 485 1324 {fiad-²⁴⁷?
510 1232 560 1265 cum
590 1220 690 1277 infirmis
718 1224 739 1267 el

318 1292 376 1324 nicona
391 1292 421 1324 nn
439 1293 473 1324 cc.

309 1420 451 1468 QUAESTIO
468 1420 487 1464 I.

60 1529 287 1588 cataplasmatum
296 1530 441 1589 scioessa-to
452 1532 572 1579 inconcessa
582 1531 740 1591 adinstrncs?
764 1582 765 1586 ,

263 1644 304 1682 209.
313 1646 345 1682 Sex
355 1646 431 1693 primum
442 1628 536 1682 seruanda.

89 1737 141 1782 209.
148 1739 252 1794 —Resp
261 1738 361 1783 Vocatus
371 1740 399 1783 ad
407 1739 521 1783 infirmum
532 1739 616 1797 cogitet
623 1740 642 1784 1.
652 1739 750 1785 Moneri

58 1812 83 1843 se
91 1798 208 1851 aOhristo‚
221 1801 246 1842 ut
257 1803 390 1855 cooperetur
399 1802 427 1843 acl
438 1801 535 1843 salutem
546 1800 637 1854 animae,
657 1800 741 1843 auxilio

58 1871 117 1901 nuuc
128 1858 225 1901 maxime
232 1857 367 1915 indigentis
362 1873 367 1883 ¹
377 1862 400 1903 et
408 1859 468 1902 illico
479 1859 579 1912 accedat
591 1859 685 1904 interim
695 1869 742 1905 suae

58 1917 179 1964 infirmitat
145 1919 199 1964 tatis
210 1932 304 1973 memor,
317 1921 404 1976 utpote
415 1920 451 1977 qui
462 1920 510 1965 sine
519 1922 566 1964 Deo
581 1920 651 1964 nihil'
645 1935 668 1964 in
678 1923 742 1964 natu-

58 1979 153 2033 ralibus,
176 1978 250 2026 minus
271 1979 294 2022 in
316 1980 525 2036 supernaturalibus
551 1983 654 2037 potest:
676 1987 742 2037 roget

59 2039 131 2083 Deum
142 2040 187 2084 Pa
177 2042 236 2084 rem
247 2053 291 2097 per
297 2039 370 2083 rnfim
361 2043 408 2084 am
419 2041 543 2086 bomem
554 2044 657 2086 suame
669 2040 743 2085 chari-

59 2102 139 2153 tatem,
153 2115 196 2155 qua
218 2100 298 2143 dilexit
315 2100 421 2142 mundum
435 2112 440 2143 :
454 2101 570 2145 Christum
586 2102 638 2144 DEI
649 2101 741 2153 Filium,

59 2158 296 2213 Dominumnostrum
307 2172 348 2216 per
363 2159 490 2216 passionem
519 2164 542 2204 et
553 2163 649 2205 mortem
669 2172 741 2213 suam,

60 2231 102 2274 pro
113 2219 186 2269 salute
198 2219 279 2263 animae
288 2218 349 2263 iilius
360 2219 496 2266 toleratam:
518 2221 629 2277 Spiritum
641 2222 743 2263 sanctum

60 2290 102 2337 per
121 2292 222 2324 amorem
237 2279 311 2338 illurn,
329 2292 373 2337 quo
384 2279 483 2325 animam
496 2281 565 2326 istam
581 2279 604 2324 in
626 2279 744 2338 Baptismo
