1577 2464
244 90 245 93 ’
294 101 355 131 runs
369 99 395 140 11,
417 98 492 132 carun
506 73 549 129 11⁵
631 82 632 85 ’
705 84 754 130 119

68 188 211 246 neglexerint
226 187 403 239 Gatechismum
422 186 445 230 in
461 198 488 231 eo
502 183 657 230 attenderint?
675 186 698 230 4.
713 188 750 233 An

68 264 111 294 non
121 248 206 305 aliquid
215 248 360 300 abstulerint,
371 245 422 290 aliis
430 243 605 289 fuerintiuvidi‘l
613 244 637 288 Si
647 257 702 301 puer
712 259 750 304 ap-

67 311 147 366 pareat
154 307 268 360 audacior,
275 305 415 363 interrogari
420 305 505 363 poterit
515 316 519 348 :
528 305 563 348 An
570 317 613 348 non
620 304 750 349 indecentes

67 369 200 413 insolentias
211 366 339 412 exercuerit
349 364 372 410 in
383 366 451 421 lecto,
463 365 501 409 vel
513 363 583 408 alitia
599 364 624 408 Si
634 363 748 421 fateatur3

67 427 205 484 interrogari
214 429 306 483 poterit,
317 428 384 470 caute
392 428 478 479 tamen,
489 425 516 468 de
525 423 658 467 verberibus
670 426 693 467 et
702 425 752 468 tac·

67 487 128 531 tibus
138 487 162 531 in
171 487 230 530 nudo
241 498 343 543 corpore.
355 486 398 530 Hae
409 484 536 529 insolentiae
547 483 638 528 initium
649 486 702 527 sunt
712 496 751 527 se-

68 546 188 591 ductionis.
201 546 226 590 Si
242 549 358 601 peccatum
369 544 459 588 veniale
473 544 543 587 etiam
558 556 586 589 ex
604 543 750 600 gravioribus

25 612 30 621 ‘
68 606 157 660 afferat,
170 617 193 649 r.
209 619 245 662 gr.
262 604 357 660 lurtum,
377 605 531 658 mendacium3
544 603 636 660 expedit
647 603 750 647 interre-

68 678 132 722 gare,
145 678 173 710 an
182 664 225 709 hcc
234 664 366 722 frequenter
375 663 471 709 iecerit?
481 667 506 708 ut
516 664 549 709 sic
558 663 669 722 paulatim
683 663 750 709 addi-

68 727 125 780 scat,
136 737 255 770 numerum
264 726 287 769 in
298 725 443 782 gravionibus
452 738 501 769 esse
511 724 676 781 explicandum.

98 785 121 830 5.
131 784 224 835 Quando
234 786 332 841 prudens
343 788 378 829 est
389 785 496 841 suspicio,
508 797 537 827 an
549 797 592 828 non
603 782 692 841 operati
703 783 750 828 sint

8 876 10 878 .
38 854 39 857 ’
66 857 120 888 cum
134 845 270 889 conscientia
282 845 368 901 peccati
377 845 489 898 mortalis,
501 844 541 889 ubi
549 856 591 902 per
602 857 626 889 se
640 843 697 887 alias
706 856 750 887 ve-

68 904 128 947 niale
137 907 226 949 tantum
237 904 308 959 foret3
320 906 499 961 interrogentur,
507 917 550 959 quo
561 902 682 954 dictamine
693 915 750 959 pro-

68 965 196 1007 cesserint:
213 964 325 1019 ccntbrgit
340 964 399 1006 enim
415 963 543 1020 aliquando,
562 975 644 1019 pueros
655 973 749 1018 peccare

68 1022 197 1067 mortaliter
208 1023 230 1065 in
242 1023 340 1067 materia
350 1025 377 1068 de
387 1036 411 1068 se
424 1023 470 1067 levi
483 1035 488 1066 :
505 1023 558 1079 quia
571 1034 691 1079 perperam
700 1022 750 1066 ins-

68 1083 147 1136 tructi,
158 1086 197 1128 aut
208 1097 222 1126 a
233 1083 322 1127 leuibus
336 1084 377 1127 sub
388 1096 455 1139 poena
463 1081 547 1126 interni
556 1086 609 1126 sunt
626 1081 730 1125 deterriti
743 1095 747 1125 :

69 1143 180 1198 contingit
194 1142 273 1196 etiam,
283 1143 340 1186 utin
351 1143 449 1186 materia
459 1142 526 1198 graui
535 1145 624 1185 tantum
634 1142 751 1198 peccarint

71 1200 203 1257 venialiter3
216 1201 269 1257 qnia
283 1202 395 1245 malitiam
411 1205 501 1246 tantum
517 1201 540 1244 in
558 1201 658 1255 confuso,
671 1201 709 1244 vel
725 1204 751 1246 ut

69 1261 143 1304 levem
156 1263 360 1318 apprehenderunt.
373 1263 399 1305 ln
410 1262 515 1320 dubielde
524 1262 566 1305 boc
575 1263 669 1318 possunt
679 1261 752 1305 inter·

20 1339 22 1342 ’
70 1321 148 1377 rogari
159 1334 187 1364 an
197 1321 330 1377 putaverint
340 1336 364 1365 se
375 1335 417 1377 per
432 1322 455 1364 id
466 1322 549 1363 mereri
560 1320 690 1363 infernum?
702 1321 751 1363 Hoc

43 1427 45 1431 ,
70 1381 90 1423 si
104 1381 225 1433 affirment,
241 1380 330 1436 sintque
344 1380 451 1437 perfectae
465 1379 561 1424 rationis
575 1392 677 1436 capaces,
689 1379 749 1424 inda

67 1438 129 1482 cium
140 1443 176 1484 est
191 1440 250 1497 quod
261 1440 360 1484 exercite
371 1439 561 1497 apprehenderint
572 1440 683 1483 malitiam
694 1452 751 1497 graf*

70 1512 129 1542 veru.
144 1500 169 1542 Si
185 1502 285 1554 notetur,
304 1500 364 1557 quod
382 1513 439 1557 puer
456 1500 575 1544 materiam
592 1513 687 1556 gravem
706 1512 751 1544 non

67 1559 252 1615 apprehenderit,
264 1572 355 1603 necesse
372 1574 417 1603 non
432 1562 467 1604 est
477 1562 555 1616 petere
566 1572 693 1604 numerum.
704 1558 752 1605 an-

69 1621 144 1662 terum
161 1621 242 1663 caveat
258 1619 413 1664 Confessarius
432 1634 459 1663 ne
479 1619 561 1664 nimius
577 1620 608 1664 sit
623 1620 647 1663 in
662 1619 753 1664 exami-

69 1679 151 1733 nando,
165 1692 192 1720 ne
204 1678 270 1735 pueri
282 1679 410 1736 concipiant
424 1680 542 1724 horrorem
557 1678 712 1725 consessionis.
726 1680 752 1724 Si

69 1751 126 1795 puer
142 1738 247 1782 videatur
258 1739 400 1794 pudibundus
416 1743 439 1783 ct
455 1740 552 1796 suspicio
563 1740 639 1796 aliqua
651 1740 681 1784 sit
692 1739 752 1784 reti-

69 1798 163 1852 centiae,
178 1798 286 1841 doceatur
305 1802 398 1854 peccata
413 1812 457 1841 non
474 1812 523 1843 esse
538 1800 654 1843 reticenda
665 1811 693 1842 ex
707 1810 752 1857 pu-

71 1858 134 1913 dore,
147 1869 174 1902 ea
193 1870 242 1901 esse
258 1859 312 1902 nota
329 1858 411 1903 Decet
426 1859 514 1916 Angelo
525 1859 621 1914 custodi,
636 1858 754 1904 confessa-

69 1918 130 1961 rium
149 1930 193 1961 ncn
208 1930 274 1974 posse
291 1917 318 1960 de
338 1918 385 1962 ullo
403 1919 473 1975 loqui,
493 1920 552 1975 quod
568 1919 592 1962 in
612 1918 752 1963 confessione

68 1975 359 2031 audivitsccnfessionem,
378 1978 397 2022 si
417 1990 488 2035 grave
505 1981 622 2035 peccatum
639 1979 752 2035 taceatur,

67 2035 200 2080 obfuturam
211 2036 314 2093 graviter
324 2037 415 2094 animae,
428 2040 538 2083 ettamen
549 2041 666 2096 peccatum
674 2039 752 2095 postea

45 2131 47 2133 .
69 2096 222 2140 confitendum
240 2110 297 2141 esse.

67 2152 69 2179 ³
103 2156 155 2201 103.
172 2175 203 2189 -Α
213 2158 284 2213 Resp.
301 2155 342 2200 IV.
355 2156 420 2201 Sicut
436 2159 510 2214 pueri,
529 2159 549 2203 si
566 2157 712 2204 laudabiliter
728 2157 752 2202 in

64 2215 184 2272 'aliquibus
201 2230 225 2260 se
239 2215 367 2271 habuerint,
387 2216 494 2262 laudandi
510 2218 571 2274 sunt,
589 2217 751 2274 interimendi,
774 2250 776 2279 ᾗ

15 2335 16 2338 ¹
72 2278 98 2321 ut
108 2278 206 2335 pergant
216 2278 301 2323 setene
307 2277 403 2334 habere;
412 2276 454 2325 ita.
466 2279 505 2323 ubi
511 2292 599 2326 errasse
610 2280 706 2335 constat,
713 2277 753 2323 dc·
