1577 2464
34 125 80 171 340
117 114 346 172 nso-conasssanlus
362 140 472 172 Panotios
489 138 627 172 lnsmtucrus

35 224 96 270 licite
114 227 192 282 potest
200 238 229 270 ex
239 240 330 271 earcere
341 227 410 272 etiam
418 226 480 285 justo
491 223 532 286 (1),
545 225 591 270 imo
603 228 626 272 et
637 225 714 271 effrin-

35 300 89 344 gere
105 300 219 331 carcerem
232 287 277 348 (2);
290 289 343 345 quia
351 289 389 345 jus
405 290 433 332 ad
449 288 520 333 vitam
536 288 624 331 tantum
638 291 673 331 est
687 290 714 332 ut

7 347 10 357 ’
35 347 97 390 nulla
106 350 207 402 potestas
215 348 313 391 humana
322 349 422 404 obligare
432 351 504 403 possit
510 347 538 390 ad
545 360 595 390 eam
607 361 650 390 non
662 361 713 390 con·

36 407 180 462 servandam,
193 408 212 451 si
227 421 277 464 spes
290 409 405 451 commoda
423 408 531 464 appareat
550 406 712 461 conservandi;

10 490 11 494 =
35 469 137 521 undeet,
151 468 247 524 quinon
263 471 315 512 sunt
330 468 429 513 ministri
444 467 548 523 justitiae,
561 470 654 524 possunt
672 480 713 510 reo

36 528 208 571 subministrare
225 528 383 579 instrumenta,
401 529 480 583 quibus
501 541 614 570 carcerem
633 526 712 569 effrin-

36 590 76 644 gat
89 585 134 646 (3);
147 586 198 646 quia
209 600 261 632 reus
271 587 371 631 licitc'id
383 587 458 630 iacere
469 591 544 644 potest
556 599 561 631 :
575 587 626 631 aliis
636 589 712 642 tamen

3 673 5 677 s
36 648 143 690 nonlicet
156 646 276 702 effringere
293 660 416 702 carcerem,
429 648 533 704 exigente
546 647 569 691 id
582 648 639 692 bono
649 660 713 690 eom·

13 713 19 756 j
35 707 106 758 muni,
120 720 146 748 ne
158 706 229 748 omnis
241 705 349 750 securitas
363 709 440 762 pereat
452 705 493 765 (4).
504 708 534 750 Et
550 707 602 750 hinc
612 706 724 749 ministri·

33 766 142 822 justitiae,
160 779 182 808 v.
204 779 239 820 gr.
254 766 356 809 custodes
378 768 483 819 carceris,
503 780 544 810 neo
560 766 713 811 iustrumenta

14 856 17 861 .
35 830 129 881 possunt
138 824 317 878 subministrare,
329 826 367 868 sed
380 839 407 867 ex
416 825 507 880 justitia
518 828 623 869 tenentur
634 825 713 868 fideles

23 891 86 939 'esse
101 884 240 941 Reipublicae
254 888 347 942 propter
360 885 465 940 officium,
481 885 724 942 quodsusceperunt„

35 946 105 989 Juxta
116 945 200 998 Dicas,
211 948 286 1000 potest
297 949 370 1001 pater,
382 945 463 999 irater,
476 958 533 988 uxor
543 946 585 988 Rei
595 946 677 1002 juvare
690 945 713 988 in

35 1005 174 1061 effringendo
185 1019 283 1056 carcere,
298 1005 350 1060 quia
360 1007 412 1048 sunt
424 1019 529 1053 unacum
543 1004 591 1060 ipso
601 1018 710 1061 persona.
752 1031 755 1035 .

36 1065 61 1107 Si
70 1065 153 1119 injuste
169 1065 327 1106 condemnatus
337 1066 444 1118 provocet
454 1065 483 1107 ad
493 1065 593 1106 tribunal
603 1066 654 1117 Dei,
669 1065 712 1107 etsi

35 1124 107 1180 possit
121 1124 199 1167 abesse
212 1125 284 1179 culpa,
297 1136 346 1166 cum
358 1124 451 1178 quilibet
467 1126 577 1179 gravatus
588 1124 660 1179 possit
671 1137 714 1179 ap-

35 1181 121 1241 pellare
135 1184 164 1228 ad
178 1183 277 1240 judicem
294 1184 446 1240 superiorem,
463 1185 486 1227 id
506 1187 582 1227 tamen
596 1183 713 1241 periculo-

36 1258 86 1287 sum
102 1240 137 1287 est
153 1243 180 1286 ob
196 1244 320 1299 periculum
335 1243 458 1286 inordinati
477 1244 591 1300 appetitus
607 1244 713 1287 vindictae

38 1306 62 1347 et
73 1303 125 1348 odii.
159 1314 163 1325 ··

17 1373 19 1376 ·
66 1363 119 1407 211.
130 1388 158 1395 -
175 1364 244 1418 Resp.
256 1364 286 1406 Π.
299 1363 327 1415 In
340 1362 406 1419 praxi
423 1375 473 1404 cum
491 1362 546 1405 Reis
558 1362 714 1406 Confessarius

35 1423 78 1467 hoc
93 1424 159 1466 modo
176 1424 298 1479 prudenter
312 1424 419 1478 procedat
430 1421 471 1480 (5).
490 1423 511 1465 l.
525 1423 620 1466 Studeat
636 1436 714 1466 eornm

36 1484 141 1526 affectum
161 1483 254 1536 lucrari,
271 1487 319 1526 tum
336 1483 412 1525 verbis
432 1481 536 1525 affectum
553 1483 714 1538 compassionis

36 1542 222 1599 significantibus,
230 1544 287 1596 tum,
296 1541 315 1586 si
327 1541 406 1597 possit,
417 1540 578 1597 eleemosynis;
589 1542 716 1597 interroget
744 1559 746 1562 ’

1 1605 13 1653 J
36 1616 114 1646 eornm
126 1602 223 1656 nomina,
234 1602 272 1646 ubi
282 1601 338 1654 uati,
349 1602 371 1644 in
380 1613 424 1657 qua
433 1601 551 1657 Religione
563 1602 659 1656 educati,
668 1603 713 1646 etc.

5 1699 7 1702 ,
37 1663 88 1707 dein
98 1676 138 1718 per
151 1665 267 1706 decursum
279 1663 358 1704 doceat
368 1663 472 1703 venerari
487 1661 651 1717 providentiam
663 1662 714 1716 Dei,
759 1693 761 1696 -

37 1722 102 1778 eique
116 1736 140 1765 se
151 1722 271 1778 subjicere,
283 1721 321 1777 qui
336 1724 437 1764 errantes
449 1734 502 1765 oves
513 1721 584 1764 variis
595 1720 666 1765 modis
676 1734 716 1763 re-

38 1781 99 1825 ducit
109 1783 137 1824 ad
149 1795 181 1836 se,
194 1783 287 1838 proinde
306 1784 427 1835 agnoscant
441 1780 490 1835 ejus
507 1794 616 1830 acrorem,
629 1783 651 1823 et
662 1793 716 1823 car-

19 1846 21 1849 ·
37 1841 96 1885 ceris
107 1841 222 1884 molestias
232 1854 297 1896 aequo
310 1839 384 1883 animo
399 1840 521 1896 suscipiant
536 1840 627 1896 deejus
638 1853 715 1894 11101111,

37 1913 106 1955 seque
118 1901 182 1955 plene
192 1901 241 1954 ejus
251 1899 390 1955 dispositioni
398 1900 527 1955 resignent,
537 1902 625 1954 utpote,
636 1899 717 1954 qulest

37 1958 171 2004 mitissimus
191 1959 268 2013 Pater,
281 1958 387 2015 novitque
402 1959 535 2015 figmentum
551 1962 662 2013 nostrum,
677 1972 717 2002 seu

61 2054 84 2101 (l)
94 2065 106 2088 «
116 2053 266 2089 Probabiliter...
278 2052 348 2099 (tamen)
360 2059 467 2089 excusantur
479 2053 557 2089 damnati
572 2054 594 2088 ad
604 2059 691 2095 triremes,
701 2053 717 2089 si

36 2101 106 2147 fugiant
120 2112 130 2136 e
141 2109 211 2135 earcere
226 2105 244 2134 ct
261 2101 313 2135 etiam
323 2101 345 2135 nh
354 2101 399 2146 ipsis
413 2101 524 2136 triremibus.
533 2110 545 2135 ›>
554 2100 571 2135 S.
581 2101 633 2147 Alplr.
643 2099 661 2146 5,
671 2099 715 2137 280.

37 2147 113 2186 81111110,

68 2194 120 2236 2111.
130 2195 148 2229 S.
160 2194 213 2237 nlph.
222 2192 240 2236 5,
249 2193 292 2227 282.

108 2240 121 2275 f.
131 2240 148 2274 S.
161 2241 213 2284 Alplr.
224 2237 242 2283 5,
251 2238 292 2274 283.

108 2287 120 2321 f.
130 2286 149 2322 S.
160 2287 213 2329 ltlplr,
222 2285 235 2320 l.
244 2296 259 2319 c.

108 2331 121 2370 1.
131 2333 147 2369 S.
159 2332 211 2378 Alph.
220 2330 238 2377 5,
247 2329 337 2376 286·29l;
349 2336 366 2368 et
376 2333 426 2369 Prar'.
436 2331 483 2368 coni.
495 2333 513 2367 u.
524 2329 609 2367 1118-111).

68 2244 79 2276 5

60 2288 86 2381 a

95 2242 107 2276 C

94 2288 106 2322 C

95 2332 107 2369 C
