<?xml version="1.0" encoding="UTF-8"?>
<!DOCTYPE html PUBLIC "-//W3C//DTD XHTML 1.0 Transitional//EN"
    "http://www.w3.org/TR/xhtml1/DTD/xhtml1-transitional.dtd">
<html xmlns="http://www.w3.org/1999/xhtml" xml:lang="en" lang="en">
 <head>
  <title>
</title>
<meta http-equiv="Content-Type" content="text/html;charset=utf-8" />
  <meta name='ocr-system' content='tesseract 3.04.00' />
  <meta name='ocr-capabilities' content='ocr_page ocr_carea ocr_par ocr_line ocrx_word'/>
</head>
<body>
  <div class='ocr_page' id='page_1' title='image "MN5128ucmf_0_0055.png"; bbox 0 0 1567 2412; ppageno 0'>
   <div class='ocr_carea' id='block_1_1' title="bbox 184 78 783 130">
    <p class='ocr_par' dir='ltr' id='par_1_1' title="bbox 184 78 783 130">
     <span class='ocr_line' id='line_1_1' title="bbox 184 78 783 130; baseline 0.005 -10"><span class='ocrx_word' id='word_1_1' title='bbox 184 107 185 110; x_wconf 18' lang='grc' dir='ltr'>η</span> <span class='ocrx_word' id='word_1_2' title='bbox 213 106 215 108; x_wconf 31' lang='lat' dir='ltr'>v</span> <span class='ocrx_word' id='word_1_3' title='bbox 230 89 290 121; x_wconf 76' lang='lat' dir='ltr'><strong>rsus</strong></span> <span class='ocrx_word' id='word_1_4' title='bbox 305 89 322 130; x_wconf 89' lang='lat'><strong>1,</strong></span> <span class='ocrx_word' id='word_1_5' title='bbox 340 87 416 119; x_wconf 77' lang='lat' dir='ltr'><strong>curor</strong></span> <span class='ocrx_word' id='word_1_6' title='bbox 438 88 472 119; x_wconf 86' lang='lat' dir='ltr'><strong>vu</strong></span> <span class='ocrx_word' id='word_1_7' title='bbox 663 79 693 122; x_wconf 87' lang='lat'><strong>33</strong></span> <span class='ocrx_word' id='word_1_8' title='bbox 766 94 767 98; x_wconf 48' lang='lat'>¹</span> <span class='ocrx_word' id='word_1_9' title='bbox 782 78 783 81; x_wconf 73' lang='grc'>’</span> 
     </span>
    </p>
   </div>
   <div class='ocr_carea' id='block_1_2' title="bbox 8 173 737 886">
    <p class='ocr_par' dir='ltr' id='par_1_2' title="bbox 8 173 737 589">
     <span class='ocr_line' id='line_1_2' title="bbox 8 173 693 234; baseline -0.004 -10"><span class='ocrx_word' id='word_1_10' title='bbox 8 178 41 225; x_wconf 86' lang='lat' dir='ltr'><strong>sit</strong></span> <span class='ocrx_word' id='word_1_11' title='bbox 48 178 126 234; x_wconf 89' lang='lat' dir='ltr'><strong>aperto</strong></span> <span class='ocrx_word' id='word_1_12' title='bbox 137 190 166 233; x_wconf 70' lang='lat' dir='ltr'><strong>an</strong></span> <span class='ocrx_word' id='word_1_13' title='bbox 174 176 235 220; x_wconf 92' lang='lat' dir='ltr'><strong>tecto</strong></span> <span class='ocrx_word' id='word_1_14' title='bbox 246 173 329 231; x_wconf 88' lang='lat' dir='ltr'><strong>capite,</strong></span> <span class='ocrx_word' id='word_1_15' title='bbox 341 174 463 231; x_wconf 88' lang='lat' dir='ltr'><strong>spectanda</strong></span> <span class='ocrx_word' id='word_1_16' title='bbox 475 176 510 219; x_wconf 91' lang='lat' dir='ltr'><strong>est</strong></span> <span class='ocrx_word' id='word_1_17' title='bbox 522 176 658 219; x_wconf 81' lang='lat' dir='ltr'><strong>consuetudo</strong></span> <span class='ocrx_word' id='word_1_18' title='bbox 670 181 693 221; x_wconf 86' lang='lat' dir='ltr'><strong>et</strong></span> 
     </span>
     <span class='ocr_line' id='line_1_3' title="bbox 11 235 691 294; baseline -0.004 -13"><span class='ocrx_word' id='word_1_19' title='bbox 11 238 88 294; x_wconf 83' lang='lat' dir='ltr'><strong>praxis</strong></span> <span class='ocrx_word' id='word_1_20' title='bbox 98 236 206 292; x_wconf 79' lang='lat' dir='ltr'>regionis.</span> <span class='ocrx_word' id='word_1_21' title='bbox 216 235 242 277; x_wconf 94' lang='lat' dir='ltr'><strong>In</strong></span> <span class='ocrx_word' id='word_1_22' title='bbox 251 235 287 278; x_wconf 90' lang='lat' dir='ltr'><strong>his</strong></span> <span class='ocrx_word' id='word_1_23' title='bbox 294 235 423 278; x_wconf 76' lang='lat' dir='ltr'><strong>Germaniae</strong></span> <span class='ocrx_word' id='word_1_24' title='bbox 430 236 531 290; x_wconf 88' lang='lat' dir='ltr'><strong>partibus</strong></span> <span class='ocrx_word' id='word_1_25' title='bbox 538 236 605 281; x_wconf 88' lang='lat' dir='ltr'><strong>datur</strong></span> <span class='ocrx_word' id='word_1_26' title='bbox 613 242 691 291; x_wconf 87' lang='lat' dir='ltr'><strong>aperto</strong></span> 
     </span>
     <span class='ocr_line' id='line_1_4' title="bbox 8 294 736 353; baseline -0.004 -12"><span class='ocrx_word' id='word_1_27' title='bbox 8 297 83 353; x_wconf 84' lang='lat' dir='ltr'><strong>capite</strong></span> <span class='ocrx_word' id='word_1_28' title='bbox 94 296 117 340; x_wconf 91' lang='lat' dir='ltr'><strong>in</strong></span> <span class='ocrx_word' id='word_1_29' title='bbox 126 295 279 340; x_wconf 84' lang='lat' dir='ltr'><strong>reverentiam</strong></span> <span class='ocrx_word' id='word_1_30' title='bbox 287 295 381 348; x_wconf 76' lang='lat' dir='ltr'><strong>Christi,</strong></span> <span class='ocrx_word' id='word_1_31' title='bbox 392 294 456 350; x_wconf 86' lang='lat' dir='ltr'><strong>cujus</strong></span> <span class='ocrx_word' id='word_1_32' title='bbox 469 295 591 338; x_wconf 74' lang='lat' dir='ltr'><strong>autoritate</strong></span> <span class='ocrx_word' id='word_1_33' title='bbox 602 295 692 351; x_wconf 90' lang='lat' dir='ltr'><strong>impen-</strong></span> <span class='ocrx_word' id='word_1_34' title='bbox 733 340 736 345; x_wconf 61' lang='grc'><strong><em>,</em></strong></span> 
     </span>
     <span class='ocr_line' id='line_1_5' title="bbox 8 355 737 410; baseline -0.004 -10"><span class='ocrx_word' id='word_1_35' title='bbox 8 358 86 409; x_wconf 73' lang='lat' dir='ltr'><strong>ditur,</strong></span> <span class='ocrx_word' id='word_1_36' title='bbox 96 357 120 399; x_wconf 89' lang='lat' dir='ltr'><strong>in</strong></span> <span class='ocrx_word' id='word_1_37' title='bbox 135 356 186 399; x_wconf 86' lang='lat' dir='ltr'><strong>aliis</strong></span> <span class='ocrx_word' id='word_1_38' title='bbox 198 368 252 397; x_wconf 86' lang='lat' dir='ltr'><strong>vero</strong></span> <span class='ocrx_word' id='word_1_39' title='bbox 266 355 399 410; x_wconf 83' lang='lat' dir='ltr'><strong>quibusdam</strong></span> <span class='ocrx_word' id='word_1_40' title='bbox 416 356 482 397; x_wconf 89' lang='lat' dir='ltr'><strong>datur</strong></span> <span class='ocrx_word' id='word_1_41' title='bbox 496 358 557 397; x_wconf 89' lang='lat' dir='ltr'><strong>tecto</strong></span> <span class='ocrx_word' id='word_1_42' title='bbox 572 356 655 409; x_wconf 86' lang='lat' dir='ltr'><strong>capite,</strong></span> <span class='ocrx_word' id='word_1_43' title='bbox 669 360 694 397; x_wconf 86' lang='lat' dir='ltr'><strong>ut</strong></span> <span class='ocrx_word' id='word_1_44' title='bbox 736 362 737 365; x_wconf 76' lang='grc'>’</span> 
     </span>
     <span class='ocr_line' id='line_1_6' title="bbox 9 413 694 470; baseline -0.004 -12"><span class='ocrx_word' id='word_1_45' title='bbox 9 416 142 459; x_wconf 75' lang='lat' dir='ltr'><strong>ostendatur</strong></span> <span class='ocrx_word' id='word_1_46' title='bbox 150 413 282 457; x_wconf 80' lang='lat' dir='ltr'><strong>confessarii</strong></span> <span class='ocrx_word' id='word_1_47' title='bbox 292 418 321 456; x_wconf 86' lang='lat' dir='ltr'><strong>ut</strong></span> <span class='ocrx_word' id='word_1_48' title='bbox 323 413 407 470; x_wconf 83' lang='lat' dir='ltr'><strong>judicis</strong></span> <span class='ocrx_word' id='word_1_49' title='bbox 415 414 534 458; x_wconf 73' lang='lat' dir='ltr'><strong>autoritas.</strong></span> <span class='ocrx_word' id='word_1_50' title='bbox 544 414 577 456; x_wconf 89' lang='lat' dir='ltr'><strong>Ut</strong></span> <span class='ocrx_word' id='word_1_51' title='bbox 587 418 694 457; x_wconf 89' lang='lat' dir='ltr'><strong>servetur</strong></span> 
     </span>
     <span class='ocr_line' id='line_1_7' title="bbox 10 474 693 530; baseline -0.004 -11"><span class='ocrx_word' id='word_1_52' title='bbox 10 475 162 529; x_wconf 83' lang='lat' dir='ltr'><strong>uniformitas,</strong></span> <span class='ocrx_word' id='word_1_53' title='bbox 173 487 222 530; x_wconf 87' lang='lat' dir='ltr'><strong>quae</strong></span> <span class='ocrx_word' id='word_1_54' title='bbox 234 475 261 517; x_wconf 88' lang='lat' dir='ltr'><strong>ad</strong></span> <span class='ocrx_word' id='word_1_55' title='bbox 273 475 376 518; x_wconf 84' lang='lat' dir='ltr'><strong>decorem</strong></span> <span class='ocrx_word' id='word_1_56' title='bbox 390 474 486 528; x_wconf 83' lang='lat' dir='ltr'><strong>confert,</strong></span> <span class='ocrx_word' id='word_1_57' title='bbox 498 475 591 529; x_wconf 87' lang='lat' dir='ltr'><strong>quisque</strong></span> <span class='ocrx_word' id='word_1_58' title='bbox 602 487 693 517; x_wconf 89' lang='lat' dir='ltr'><strong>accom-</strong></span> 
     </span>
     <span class='ocr_line' id='line_1_8' title="bbox 10 533 691 589; baseline 0 -12"><span class='ocrx_word' id='word_1_59' title='bbox 10 535 86 578; x_wconf 90' lang='lat' dir='ltr'><strong>modet</strong></span> <span class='ocrx_word' id='word_1_60' title='bbox 97 548 121 577; x_wconf 90' lang='lat' dir='ltr'><strong>se</strong></span> <span class='ocrx_word' id='word_1_61' title='bbox 130 534 285 577; x_wconf 89' lang='lat' dir='ltr'><strong>consuetudini</strong></span> <span class='ocrx_word' id='word_1_62' title='bbox 300 533 351 586; x_wconf 91' lang='lat' dir='ltr'><strong>loci,</strong></span> <span class='ocrx_word' id='word_1_63' title='bbox 363 534 386 576; x_wconf 91' lang='lat' dir='ltr'><strong>in</strong></span> <span class='ocrx_word' id='word_1_64' title='bbox 403 546 446 588; x_wconf 89' lang='lat' dir='ltr'><strong>quo</strong></span> <span class='ocrx_word' id='word_1_65' title='bbox 460 533 623 577; x_wconf 85' lang='lat' dir='ltr'><strong>confessarium</strong></span> <span class='ocrx_word' id='word_1_66' title='bbox 634 533 691 589; x_wconf 82' lang='lat' dir='ltr'><strong>agit.</strong></span> 
     </span>
    </p>

    <p class='ocr_par' dir='ltr' id='par_1_3' title="bbox 9 592 693 886">
     <span class='ocr_line' id='line_1_9' title="bbox 41 592 693 649; baseline 0.002 -14"><span class='ocrx_word' id='word_1_67' title='bbox 41 594 77 636; x_wconf 77' lang='lat'><strong>23.</strong></span> <span class='ocrx_word' id='word_1_68' title='bbox 91 618 118 625; x_wconf 90' lang='lat'><em>-</em></span> <span class='ocrx_word' id='word_1_69' title='bbox 129 595 199 649; x_wconf 85' lang='lat' dir='ltr'><strong>Resp.</strong></span> <span class='ocrx_word' id='word_1_70' title='bbox 208 593 237 636; x_wconf 90' lang='grc' dir='ltr'><strong>ΙΙ.</strong></span> <span class='ocrx_word' id='word_1_71' title='bbox 248 594 332 637; x_wconf 85' lang='lat' dir='ltr'><strong>Forma</strong></span> <span class='ocrx_word' id='word_1_72' title='bbox 341 592 469 637; x_wconf 84' lang='lat' dir='ltr'><strong>essentialis</strong></span> <span class='ocrx_word' id='word_1_73' title='bbox 478 592 626 636; x_wconf 88' lang='lat' dir='ltr'><strong>absolutionis</strong></span> <span class='ocrx_word' id='word_1_74' title='bbox 637 606 693 649; x_wconf 89' lang='lat' dir='ltr'><strong>pro-</strong></span> 
     </span>
     <span class='ocr_line' id='line_1_10' title="bbox 11 653 693 710; baseline 0 -14"><span class='ocrx_word' id='word_1_75' title='bbox 11 654 106 697; x_wconf 79' lang='lat' dir='ltr'><strong>terenda</strong></span> <span class='ocrx_word' id='word_1_76' title='bbox 123 658 217 697; x_wconf 87' lang='lat' dir='ltr'><strong>estnon</strong></span> <span class='ocrx_word' id='word_1_77' title='bbox 235 655 397 710; x_wconf 87' lang='lat' dir='ltr'><strong>deprecatorie,</strong></span> <span class='ocrx_word' id='word_1_78' title='bbox 417 655 456 696; x_wconf 90' lang='lat' dir='ltr'><strong>sed</strong></span> <span class='ocrx_word' id='word_1_79' title='bbox 471 653 628 707; x_wconf 85' lang='lat' dir='ltr'><strong>autoritative,</strong></span> <span class='ocrx_word' id='word_1_80' title='bbox 640 653 693 709; x_wconf 88' lang='lat' dir='ltr'><strong>quia</strong></span> 
     </span>
     <span class='ocr_line' id='line_1_11' title="bbox 9 710 691 769; baseline -0.001 -13"><span class='ocrx_word' id='word_1_81' title='bbox 9 716 46 757; x_wconf 90' lang='lat' dir='ltr'><strong>est</strong></span> <span class='ocrx_word' id='word_1_82' title='bbox 63 717 125 756; x_wconf 87' lang='lat' dir='ltr'><strong>actus</strong></span> <span class='ocrx_word' id='word_1_83' title='bbox 141 714 263 769; x_wconf 69' lang='lat' dir='ltr'><strong>judicialis,</strong></span> <span class='ocrx_word' id='word_1_84' title='bbox 281 715 306 756; x_wconf 89' lang='lat' dir='ltr'><strong>ut</strong></span> <span class='ocrx_word' id='word_1_85' title='bbox 320 717 409 756; x_wconf 88' lang='lat' dir='ltr'><strong>constat</strong></span> <span class='ocrx_word' id='word_1_86' title='bbox 423 726 456 756; x_wconf 75' lang='lat' dir='ltr'><strong>er&lt;-</strong></span> <span class='ocrx_word' id='word_1_87' title='bbox 468 713 532 756; x_wconf 84' lang='lat' dir='ltr'><strong>Trid.</strong></span> <span class='ocrx_word' id='word_1_88' title='bbox 552 713 613 757; x_wconf 86' lang='lat' dir='ltr'><strong>Sess.</strong></span> <span class='ocrx_word' id='word_1_89' title='bbox 626 710 691 768; x_wconf 76' lang='lat' dir='ltr'>XIV.</span> 
     </span>
     <span class='ocr_line' id='line_1_12' title="bbox 10 771 693 830; baseline 0 -14"><span class='ocrx_word' id='word_1_90' title='bbox 10 774 67 816; x_wconf 80' lang='lat' dir='ltr'><strong>Gan.</strong></span> <span class='ocrx_word' id='word_1_91' title='bbox 78 786 111 815; x_wconf 77' lang='lat' dir='ltr'><strong>tx.</strong></span> <span class='ocrx_word' id='word_1_92' title='bbox 123 774 210 815; x_wconf 81' lang='lat' dir='ltr'><strong>dicente</strong></span> <span class='ocrx_word' id='word_1_93' title='bbox 222 786 226 815; x_wconf 95' lang='lat'><strong>:</strong></span> <span class='ocrx_word' id='word_1_94' title='bbox 237 772 326 830; x_wconf 72' lang='lat' dir='ltr'><strong>Siquis</strong></span> <span class='ocrx_word' id='word_1_95' title='bbox 337 772 430 823; x_wconf 74' lang='lat' dir='ltr'><strong>dicerit,</strong></span> <span class='ocrx_word' id='word_1_96' title='bbox 441 771 604 816; x_wconf 77' lang='lat' dir='ltr'><strong>absolutionem</strong></span> <span class='ocrx_word' id='word_1_97' title='bbox 612 775 693 816; x_wconf 79' lang='lat' dir='ltr'><strong>suera-</strong></span> 
     </span>
     <span class='ocr_line' id='line_1_13' title="bbox 9 831 693 886; baseline 0.001 -12"><span class='ocrx_word' id='word_1_98' title='bbox 9 833 127 876; x_wconf 65' lang='lat' dir='ltr'><strong>taraucam</strong></span> <span class='ocrx_word' id='word_1_99' title='bbox 141 833 265 875; x_wconf 69' lang='lat' dir='ltr'><strong>autumantis</strong></span> <span class='ocrx_word' id='word_1_100' title='bbox 279 844 324 874; x_wconf 80' lang='lat' dir='ltr'><strong>acu</strong></span> <span class='ocrx_word' id='word_1_101' title='bbox 338 844 383 875; x_wconf 81' lang='lat' dir='ltr'><strong>esse</strong></span> <span class='ocrx_word' id='word_1_102' title='bbox 392 834 468 875; x_wconf 81' lang='lat' dir='ltr'><strong>cctam</strong></span> <span class='ocrx_word' id='word_1_103' title='bbox 476 831 622 886; x_wconf 70' lang='lat' dir='ltr'><strong>Juda&#39;et&#39;clem,</strong></span> <span class='ocrx_word' id='word_1_104' title='bbox 633 843 693 876; x_wconf 83' lang='lat' dir='ltr'><strong>aaa·</strong></span> 
     </span>
    </p>
   </div>
   <div class='ocr_carea' id='block_1_3' title="bbox 10 890 762 947">
    <p class='ocr_par' dir='ltr' id='par_1_4' title="bbox 10 890 762 947">
     <span class='ocr_line' id='line_1_14' title="bbox 10 890 762 947; baseline -0.001 -12"><span class='ocrx_word' id='word_1_105' title='bbox 10 891 139 935; x_wconf 65' lang='lat' dir='ltr'><strong>theucaria</strong></span> <span class='ocrx_word' id='word_1_106' title='bbox 159 892 291 946; x_wconf 79' lang='lat' dir='ltr'><strong>Deprecatio</strong></span> <span class='ocrx_word' id='word_1_107' title='bbox 307 896 382 934; x_wconf 85' lang='lat' dir='ltr'><strong>autem</strong></span> <span class='ocrx_word' id='word_1_108' title='bbox 402 894 437 933; x_wconf 89' lang='lat' dir='ltr'><strong>est</strong></span> <span class='ocrx_word' id='word_1_109' title='bbox 452 895 516 935; x_wconf 87' lang='lat' dir='ltr'><strong>actus</strong></span> <span class='ocrx_word' id='word_1_110' title='bbox 535 890 692 947; x_wconf 87' lang='lat' dir='ltr'><strong>supplicantis,</strong></span> <span class='ocrx_word' id='word_1_111' title='bbox 741 900 762 923; x_wconf 52' lang='grc' dir='ltr'><strong>Ἀ</strong></span> 
     </span>
    </p>
   </div>
   <div class='ocr_carea' id='block_1_4' title="bbox 11 950 694 1058">
    <p class='ocr_par' dir='ltr' id='par_1_5' title="bbox 11 950 694 1058">
     <span class='ocr_line' id='line_1_15' title="bbox 12 950 694 1007; baseline 0 -14"><span class='ocrx_word' id='word_1_112' title='bbox 12 965 55 994; x_wconf 93' lang='lat' dir='ltr'><strong>non</strong></span> <span class='ocrx_word' id='word_1_113' title='bbox 70 965 124 993; x_wconf 86' lang='lat' dir='ltr'><strong>vcro</strong></span> <span class='ocrx_word' id='word_1_114' title='bbox 136 951 228 1007; x_wconf 81' lang='lat' dir='ltr'><strong>judicis.</strong></span> <span class='ocrx_word' id='word_1_115' title='bbox 243 952 337 994; x_wconf 79' lang='lat' dir='ltr'><strong>Constat</strong></span> <span class='ocrx_word' id='word_1_116' title='bbox 348 964 435 1006; x_wconf 86' lang='lat' dir='ltr'><strong>quoque</strong></span> <span class='ocrx_word' id='word_1_117' title='bbox 450 964 478 992; x_wconf 85' lang='lat' dir='ltr'><strong>ex</strong></span> <span class='ocrx_word' id='word_1_118' title='bbox 493 950 620 1006; x_wconf 83' lang='lat' dir='ltr'><strong>Scriptura.</strong></span> <span class='ocrx_word' id='word_1_119' title='bbox 633 951 694 994; x_wconf 87' lang='lat' dir='ltr'><strong>Nam</strong></span> 
     </span>
     <span class='ocr_line' id='line_1_16' title="bbox 11 1009 694 1058; baseline -0.004 -4"><span class='ocrx_word' id='word_1_120' title='bbox 11 1010 115 1054; x_wconf 75' lang='lat' dir='ltr'><strong>Christus</strong></span> <span class='ocrx_word' id='word_1_121' title='bbox 126 1011 209 1054; x_wconf 81' lang='lat' dir='ltr'><strong>Joana.</strong></span> <span class='ocrx_word' id='word_1_122' title='bbox 222 1023 329 1053; x_wconf 76' lang='lat' dir='ltr'><strong>xit-nuru</strong></span> <span class='ocrx_word' id='word_1_123' title='bbox 340 1023 345 1054; x_wconf 90' lang='lat'><strong>:</strong></span> <span class='ocrx_word' id='word_1_124' title='bbox 358 1025 401 1053; x_wconf 91' lang='lat' dir='ltr'><strong>non</strong></span> <span class='ocrx_word' id='word_1_125' title='bbox 414 1009 471 1052; x_wconf 87' lang='lat' dir='ltr'><strong>dixit</strong></span> <span class='ocrx_word' id='word_1_126' title='bbox 484 1022 489 1053; x_wconf 93' lang='lat'><strong>:</strong></span> <span class='ocrx_word' id='word_1_127' title='bbox 503 1011 602 1058; x_wconf 86' lang='lat' dir='ltr'><strong>Quorum</strong></span> <span class='ocrx_word' id='word_1_128' title='bbox 614 1023 694 1053; x_wconf 88' lang='lat' dir='ltr'><strong>orave·</strong></span> 
     </span>
    </p>
   </div>
   <div class='ocr_carea' id='block_1_5' title="bbox 11 1069 767 1129">
    <p class='ocr_par' dir='ltr' id='par_1_6' title="bbox 11 1069 767 1129">
     <span class='ocr_line' id='line_1_17' title="bbox 11 1069 767 1129; baseline 0.003 -17"><span class='ocrx_word' id='word_1_129' title='bbox 11 1070 71 1124; x_wconf 87' lang='lat' dir='ltr'><strong>ritis,</strong></span> <span class='ocrx_word' id='word_1_130' title='bbox 92 1070 176 1113; x_wconf 84' lang='lat' dir='ltr'><strong>dimitti</strong></span> <span class='ocrx_word' id='word_1_131' title='bbox 191 1074 291 1126; x_wconf 84' lang='lat' dir='ltr'><strong>peccata,</strong></span> <span class='ocrx_word' id='word_1_132' title='bbox 307 1071 364 1113; x_wconf 87' lang='lat' dir='ltr'><strong>sed:</strong></span> <span class='ocrx_word' id='word_1_133' title='bbox 381 1069 484 1124; x_wconf 63' lang='lat' dir='ltr'><strong>tiatorem</strong></span> <span class='ocrx_word' id='word_1_134' title='bbox 495 1069 629 1115; x_wconf 79' lang='lat' dir='ltr'><strong>renttscrt&#39;tis</strong></span> <span class='ocrx_word' id='word_1_135' title='bbox 637 1081 695 1129; x_wconf 76' lang='lat' dir='ltr'><strong>per·</strong></span> <span class='ocrx_word' id='word_1_136' title='bbox 765 1073 767 1075; x_wconf 79' lang='grc'>’</span> 
     </span>
    </p>
   </div>
   <div class='ocr_carea' id='block_1_6' title="bbox 11 1130 736 2023">
    <p class='ocr_par' dir='ltr' id='par_1_7' title="bbox 11 1130 736 1543">
     <span class='ocr_line' id='line_1_18' title="bbox 11 1130 736 1183; baseline 0 -9"><span class='ocrx_word' id='word_1_137' title='bbox 11 1133 72 1183; x_wconf 85' lang='lat' dir='ltr'><strong>outa,</strong></span> <span class='ocrx_word' id='word_1_138' title='bbox 83 1130 234 1175; x_wconf 83' lang='lat' dir='ltr'><strong>renttttantur</strong></span> <span class='ocrx_word' id='word_1_139' title='bbox 241 1131 280 1174; x_wconf 79' lang='lat' dir='ltr'><strong>ets.</strong></span> <span class='ocrx_word' id='word_1_140' title='bbox 734 1172 736 1174; x_wconf 84' lang='lat'>.</span> 
     </span>
     <span class='ocr_line' id='line_1_19' title="bbox 42 1189 695 1246; baseline 0.002 -14"><span class='ocrx_word' id='word_1_141' title='bbox 42 1189 124 1232; x_wconf 71' lang='grc'><strong>24.’-</strong></span> <span class='ocrx_word' id='word_1_142' title='bbox 135 1191 204 1246; x_wconf 88' lang='lat' dir='ltr'><strong>Resp.</strong></span> <span class='ocrx_word' id='word_1_143' title='bbox 216 1190 256 1233; x_wconf 89' lang='lat' dir='ltr'>III.</span> <span class='ocrx_word' id='word_1_144' title='bbox 267 1189 385 1239; x_wconf 88' lang='lat' dir='ltr'><strong>Absolutio</strong></span> <span class='ocrx_word' id='word_1_145' title='bbox 400 1203 443 1233; x_wconf 92' lang='lat' dir='ltr'><strong>non</strong></span> <span class='ocrx_word' id='word_1_146' title='bbox 457 1191 492 1234; x_wconf 90' lang='lat' dir='ltr'><strong>est</strong></span> <span class='ocrx_word' id='word_1_147' title='bbox 503 1190 576 1233; x_wconf 90' lang='lat' dir='ltr'><strong>danda</strong></span> <span class='ocrx_word' id='word_1_148' title='bbox 587 1191 627 1233; x_wconf 91' lang='lat' dir='ltr'><strong>sub</strong></span> <span class='ocrx_word' id='word_1_149' title='bbox 639 1203 695 1234; x_wconf 89' lang='lat' dir='ltr'><strong>con·</strong></span> 
     </span>
     <span class='ocr_line' id='line_1_20' title="bbox 11 1250 694 1305; baseline 0.001 -14"><span class='ocrx_word' id='word_1_150' title='bbox 11 1250 96 1291; x_wconf 89' lang='lat' dir='ltr'><strong>ditione</strong></span> <span class='ocrx_word' id='word_1_151' title='bbox 116 1252 143 1292; x_wconf 93' lang='lat' dir='ltr'><strong>de</strong></span> <span class='ocrx_word' id='word_1_152' title='bbox 158 1250 243 1303; x_wconf 84' lang='lat' dir='ltr'><strong>tuturo,</strong></span> <span class='ocrx_word' id='word_1_153' title='bbox 256 1264 279 1293; x_wconf 82' lang='lat' dir='ltr'><strong>v.</strong></span> <span class='ocrx_word' id='word_1_154' title='bbox 299 1261 352 1304; x_wconf 73' lang='lat' dir='ltr'><strong>gr:</strong></span> <span class='ocrx_word' id='word_1_155' title='bbox 370 1251 419 1305; x_wconf 82' lang='lat' dir='ltr'><strong>Ego</strong></span> <span class='ocrx_word' id='word_1_156' title='bbox 438 1253 461 1292; x_wconf 92' lang='lat' dir='ltr'><strong>te</strong></span> <span class='ocrx_word' id='word_1_157' title='bbox 476 1250 577 1299; x_wconf 85' lang='lat' dir='ltr'><strong>absolvo,</strong></span> <span class='ocrx_word' id='word_1_158' title='bbox 596 1251 615 1292; x_wconf 91' lang='lat' dir='ltr'><strong>si</strong></span> <span class='ocrx_word' id='word_1_159' title='bbox 632 1250 694 1292; x_wconf 87' lang='lat' dir='ltr'><strong>intra</strong></span> 
     </span>
     <span class='ocr_line' id='line_1_21' title="bbox 12 1308 694 1363; baseline 0.001 -13"><span class='ocrx_word' id='word_1_160' title='bbox 12 1309 112 1351; x_wconf 88' lang='lat' dir='ltr'><strong>triduum</strong></span> <span class='ocrx_word' id='word_1_161' title='bbox 123 1309 197 1352; x_wconf 88' lang='lat' dir='ltr'><strong>aliena</strong></span> <span class='ocrx_word' id='word_1_162' title='bbox 211 1308 347 1352; x_wconf 86' lang='lat' dir='ltr'><strong>restitueris.</strong></span> <span class='ocrx_word' id='word_1_163' title='bbox 360 1308 437 1357; x_wconf 79' lang='lat' dir='ltr'><strong>Ratio,</strong></span> <span class='ocrx_word' id='word_1_164' title='bbox 450 1309 502 1363; x_wconf 88' lang='lat' dir='ltr'><strong>quia</strong></span> <span class='ocrx_word' id='word_1_165' title='bbox 511 1308 604 1352; x_wconf 86' lang='lat' dir='ltr'><strong>effeetus</strong></span> <span class='ocrx_word' id='word_1_166' title='bbox 615 1321 694 1352; x_wconf 85' lang='lat' dir='ltr'><strong>saera-</strong></span> 
     </span>
     <span class='ocr_line' id='line_1_22' title="bbox 12 1368 694 1424; baseline 0.004 -15"><span class='ocrx_word' id='word_1_167' title='bbox 12 1368 83 1410; x_wconf 89' lang='lat' dir='ltr'><strong>menti</strong></span> <span class='ocrx_word' id='word_1_168' title='bbox 95 1382 139 1411; x_wconf 94' lang='lat' dir='ltr'><strong>non</strong></span> <span class='ocrx_word' id='word_1_169' title='bbox 157 1370 192 1411; x_wconf 86' lang='lat' dir='ltr'><strong>est</strong></span> <span class='ocrx_word' id='word_1_170' title='bbox 206 1368 387 1424; x_wconf 73' lang='lat' dir='ltr'><strong>suspendendus,</strong></span> <span class='ocrx_word' id='word_1_171' title='bbox 406 1368 438 1411; x_wconf 89' lang='lat' dir='ltr'><strong>sio</strong></span> <span class='ocrx_word' id='word_1_172' title='bbox 451 1369 542 1412; x_wconf 85' lang='lat' dir='ltr'><strong>volente</strong></span> <span class='ocrx_word' id='word_1_173' title='bbox 555 1368 654 1422; x_wconf 80' lang='lat' dir='ltr'><strong>Christo,</strong></span> <span class='ocrx_word' id='word_1_174' title='bbox 667 1370 694 1412; x_wconf 91' lang='lat' dir='ltr'><strong>ut</strong></span> 
     </span>
     <span class='ocr_line' id='line_1_23' title="bbox 13 1427 694 1471; baseline 0.001 -3"><span class='ocrx_word' id='word_1_175' title='bbox 13 1427 76 1469; x_wconf 91' lang='lat' dir='ltr'><strong>nobis</strong></span> <span class='ocrx_word' id='word_1_176' title='bbox 87 1428 187 1469; x_wconf 86' lang='lat' dir='ltr'><strong>declarat</strong></span> <span class='ocrx_word' id='word_1_177' title='bbox 193 1427 439 1470; x_wconf 88' lang='lat' dir='ltr'><strong>communisdcctorum</strong></span> <span class='ocrx_word' id='word_1_178' title='bbox 448 1441 534 1470; x_wconf 79' lang='lat' dir='ltr'><strong>seusus,</strong></span> <span class='ocrx_word' id='word_1_179' title='bbox 542 1428 607 1470; x_wconf 86' lang='lat' dir='ltr'><strong>Unde</strong></span> <span class='ocrx_word' id='word_1_180' title='bbox 618 1428 650 1471; x_wconf 86' lang='lat' dir='ltr'><strong>sio</strong></span> <span class='ocrx_word' id='word_1_181' title='bbox 656 1428 694 1470; x_wconf 89' lang='lat' dir='ltr'><strong>ab·</strong></span> 
     </span>
     <span class='ocr_line' id='line_1_24' title="bbox 12 1485 694 1543; baseline 0.001 -14"><span class='ocrx_word' id='word_1_182' title='bbox 12 1485 103 1529; x_wconf 87' lang='lat' dir='ltr'><strong>solvens</strong></span> <span class='ocrx_word' id='word_1_183' title='bbox 111 1489 213 1541; x_wconf 85' lang='lat' dir='ltr'><strong>peccaret</strong></span> <span class='ocrx_word' id='word_1_184' title='bbox 219 1487 321 1542; x_wconf 80' lang='lat' dir='ltr'><strong>graviter</strong></span> <span class='ocrx_word' id='word_1_185' title='bbox 328 1498 333 1540; x_wconf 87' lang='lat'>;</span> <span class='ocrx_word' id='word_1_186' title='bbox 341 1487 472 1530; x_wconf 88' lang='lat' dir='ltr'><strong>daritamen</strong></span> <span class='ocrx_word' id='word_1_187' title='bbox 481 1487 612 1542; x_wconf 87' lang='lat' dir='ltr'><strong>quandoque</strong></span> <span class='ocrx_word' id='word_1_188' title='bbox 619 1488 694 1543; x_wconf 82' lang='lat' dir='ltr'><strong>potest</strong></span> 
     </span>
    </p>

    <p class='ocr_par' dir='ltr' id='par_1_8' title="bbox 13 1545 561 1601">
     <span class='ocr_line' id='line_1_25' title="bbox 13 1545 561 1601; baseline 0 -13"><span class='ocrx_word' id='word_1_189' title='bbox 13 1545 54 1588; x_wconf 89' lang='lat' dir='ltr'><strong>sub</strong></span> <span class='ocrx_word' id='word_1_190' title='bbox 66 1545 192 1588; x_wconf 89' lang='lat' dir='ltr'><strong>conditione</strong></span> <span class='ocrx_word' id='word_1_191' title='bbox 203 1546 231 1588; x_wconf 92' lang='lat' dir='ltr'><strong>de</strong></span> <span class='ocrx_word' id='word_1_192' title='bbox 241 1546 357 1601; x_wconf 83' lang='lat' dir='ltr'><strong>praesenti,</strong></span> <span class='ocrx_word' id='word_1_193' title='bbox 370 1550 455 1589; x_wconf 84' lang='lat' dir='ltr'><strong>utmox</strong></span> <span class='ocrx_word' id='word_1_194' title='bbox 466 1547 561 1590; x_wconf 85' lang='lat' dir='ltr'><strong>dicetur.</strong></span> 
     </span>
    </p>

    <p class='ocr_par' dir='ltr' id='par_1_9' title="bbox 13 1604 700 2023">
     <span class='ocr_line' id='line_1_26' title="bbox 43 1604 695 1662; baseline 0.005 -15"><span class='ocrx_word' id='word_1_195' title='bbox 43 1604 81 1649; x_wconf 77' lang='lat'><strong>25.</strong></span> <span class='ocrx_word' id='word_1_196' title='bbox 98 1630 129 1637; x_wconf 92' lang='lat'><strong>—</strong></span> <span class='ocrx_word' id='word_1_197' title='bbox 147 1605 217 1661; x_wconf 83' lang='lat' dir='ltr'><strong>Resp.</strong></span> <span class='ocrx_word' id='word_1_198' title='bbox 238 1605 279 1650; x_wconf 81' lang='lat' dir='ltr'><strong>IV.</strong></span> <span class='ocrx_word' id='word_1_199' title='bbox 296 1605 452 1650; x_wconf 77' lang='lat' dir='ltr'><strong>Confessarius</strong></span> <span class='ocrx_word' id='word_1_200' title='bbox 466 1609 558 1650; x_wconf 90' lang='lat' dir='ltr'><strong>tenetur</strong></span> <span class='ocrx_word' id='word_1_201' title='bbox 573 1606 614 1650; x_wconf 92' lang='lat' dir='ltr'><strong>sub</strong></span> <span class='ocrx_word' id='word_1_202' title='bbox 628 1606 695 1662; x_wconf 85' lang='lat' dir='ltr'><strong>eulpa</strong></span> 
     </span>
     <span class='ocr_line' id='line_1_27' title="bbox 13 1664 695 1721; baseline 0.003 -14"><span class='ocrx_word' id='word_1_203' title='bbox 13 1664 88 1719; x_wconf 81' lang='lat' dir='ltr'><strong>gravi,</strong></span> <span class='ocrx_word' id='word_1_204' title='bbox 101 1678 141 1720; x_wconf 90' lang='lat' dir='ltr'><strong>per</strong></span> <span class='ocrx_word' id='word_1_205' title='bbox 152 1678 176 1707; x_wconf 92' lang='lat' dir='ltr'><strong>se</strong></span> <span class='ocrx_word' id='word_1_206' title='bbox 185 1664 296 1720; x_wconf 91' lang='lat' dir='ltr'><strong>loquendo</strong></span> <span class='ocrx_word' id='word_1_207' title='bbox 304 1666 422 1708; x_wconf 88' lang='lat' dir='ltr'><strong>absolvere</strong></span> <span class='ocrx_word' id='word_1_208' title='bbox 430 1666 576 1721; x_wconf 89' lang='lat' dir='ltr'><strong>poenitentem</strong></span> <span class='ocrx_word' id='word_1_209' title='bbox 587 1666 632 1710; x_wconf 91' lang='lat' dir='ltr'><strong>rite</strong></span> <span class='ocrx_word' id='word_1_210' title='bbox 643 1679 695 1709; x_wconf 89' lang='lat' dir='ltr'><strong>cou-</strong></span> 
     </span>
     <span class='ocr_line' id='line_1_28' title="bbox 14 1725 693 1781; baseline 0.001 -15"><span class='ocrx_word' id='word_1_211' title='bbox 14 1725 98 1766; x_wconf 83' lang='lat' dir='ltr'><strong>fessum</strong></span> <span class='ocrx_word' id='word_1_212' title='bbox 109 1727 133 1767; x_wconf 84' lang='lat' dir='ltr'><strong>et</strong></span> <span class='ocrx_word' id='word_1_213' title='bbox 141 1725 273 1780; x_wconf 88' lang='lat' dir='ltr'><strong>dispositum</strong></span> <span class='ocrx_word' id='word_1_214' title='bbox 282 1727 307 1767; x_wconf 91' lang='lat' dir='ltr'><strong>ut</strong></span> <span class='ocrx_word' id='word_1_215' title='bbox 318 1726 387 1767; x_wconf 87' lang='lat' dir='ltr'><strong>etiam</strong></span> <span class='ocrx_word' id='word_1_216' title='bbox 394 1725 416 1767; x_wconf 94' lang='lat' dir='ltr'><strong>in</strong></span> <span class='ocrx_word' id='word_1_217' title='bbox 425 1725 490 1767; x_wconf 89' lang='lat' dir='ltr'><strong>dubio</strong></span> <span class='ocrx_word' id='word_1_218' title='bbox 499 1726 527 1768; x_wconf 90' lang='lat' dir='ltr'><strong>de</strong></span> <span class='ocrx_word' id='word_1_219' title='bbox 538 1725 693 1781; x_wconf 88' lang='lat' dir='ltr'><strong>dispositione,</strong></span> 
     </span>
     <span class='ocr_line' id='line_1_29' title="bbox 14 1783 700 1841; baseline -0.001 -12"><span class='ocrx_word' id='word_1_220' title='bbox 14 1783 34 1830; x_wconf 73' lang='lat' dir='ltr'><strong>‚si</strong></span> <span class='ocrx_word' id='word_1_221' title='bbox 44 1783 167 1841; x_wconf 85' lang='lat' dir='ltr'><strong>prudenter</strong></span> <span class='ocrx_word' id='word_1_222' title='bbox 177 1785 248 1839; x_wconf 79' lang='lat' dir='ltr'><strong>possit</strong></span> <span class='ocrx_word' id='word_1_223' title='bbox 259 1799 283 1828; x_wconf 88' lang='lat' dir='ltr'><strong>se</strong></span> <span class='ocrx_word' id='word_1_224' title='bbox 298 1785 412 1828; x_wconf 87' lang='lat' dir='ltr'><strong>resolvere</strong></span> <span class='ocrx_word' id='word_1_225' title='bbox 423 1785 447 1827; x_wconf 91' lang='lat' dir='ltr'><strong>in</strong></span> <span class='ocrx_word' id='word_1_226' title='bbox 462 1785 564 1829; x_wconf 80' lang='lat' dir='ltr'><strong>favorem</strong></span> <span class='ocrx_word' id='word_1_227' title='bbox 581 1786 700 1841; x_wconf 71' lang='lat' dir='ltr'><strong>poeniten-‘</strong></span> 
     </span>
     <span class='ocr_line' id='line_1_30' title="bbox 14 1841 695 1901; baseline 0.004 -16"><span class='ocrx_word' id='word_1_228' title='bbox 14 1843 44 1887; x_wconf 89' lang='lat' dir='ltr'><strong>tis</strong></span> <span class='ocrx_word' id='word_1_229' title='bbox 66 1842 106 1901; x_wconf 77' lang='lat' dir='ltr'>(l).</span> <span class='ocrx_word' id='word_1_230' title='bbox 125 1844 194 1888; x_wconf 87' lang='lat' dir='ltr'><strong>Ratio</strong></span> <span class='ocrx_word' id='word_1_231' title='bbox 213 1847 256 1898; x_wconf 87' lang='lat' dir='ltr'><strong>est,</strong></span> <span class='ocrx_word' id='word_1_232' title='bbox 277 1844 330 1899; x_wconf 88' lang='lat' dir='ltr'><strong>quia</strong></span> <span class='ocrx_word' id='word_1_233' title='bbox 345 1844 456 1900; x_wconf 90' lang='lat' dir='ltr'><strong>poenitens</strong></span> <span class='ocrx_word' id='word_1_234' title='bbox 477 1841 695 1900; x_wconf 71' lang='lat' dir='ltr'><strong>per&#39;coufessicnem</strong></span> 
     </span>
     <span class='ocr_line' id='line_1_31' title="bbox 14 1901 695 1961; baseline 0.003 -16"><span class='ocrx_word' id='word_1_235' title='bbox 14 1901 135 1957; x_wconf 87' lang='lat' dir='ltr'><strong>acquisivit</strong></span> <span class='ocrx_word' id='word_1_236' title='bbox 147 1904 185 1958; x_wconf 88' lang='lat' dir='ltr'><strong>jus</strong></span> <span class='ocrx_word' id='word_1_237' title='bbox 197 1904 226 1946; x_wconf 87' lang='lat' dir='ltr'><strong>ad</strong></span> <span class='ocrx_word' id='word_1_238' title='bbox 237 1904 409 1955; x_wconf 89' lang='lat' dir='ltr'><strong>absolutionem,</strong></span> <span class='ocrx_word' id='word_1_239' title='bbox 425 1917 497 1959; x_wconf 92' lang='lat' dir='ltr'><strong>neque</strong></span> <span class='ocrx_word' id='word_1_240' title='bbox 509 1904 532 1947; x_wconf 88' lang='lat' dir='ltr'><strong>in</strong></span> <span class='ocrx_word' id='word_1_241' title='bbox 549 1904 624 1957; x_wconf 88' lang='lat' dir='ltr'><strong>dubio,</strong></span> <span class='ocrx_word' id='word_1_242' title='bbox 637 1905 695 1961; x_wconf 89' lang='lat' dir='ltr'><strong>quod</strong></span> 
     </span>
     <span class='ocr_line' id='line_1_32' title="bbox 14 1961 694 2023; baseline 0.001 -18"><span class='ocrx_word' id='word_1_243' title='bbox 14 1964 89 2017; x_wconf 87' lang='lat' dir='ltr'><strong>potest</strong></span> <span class='ocrx_word' id='word_1_244' title='bbox 105 1961 128 2004; x_wconf 89' lang='lat' dir='ltr'><strong>in</strong></span> <span class='ocrx_word' id='word_1_245' title='bbox 150 1962 199 2017; x_wconf 88' lang='lat' dir='ltr'><strong>ejus</strong></span> <span class='ocrx_word' id='word_1_246' title='bbox 218 1962 319 2006; x_wconf 83' lang='lat' dir='ltr'><strong>favorem</strong></span> <span class='ocrx_word' id='word_1_247' title='bbox 337 1962 430 2016; x_wconf 81' lang='lat' dir='ltr'><strong>resolvi,</strong></span> <span class='ocrx_word' id='word_1_248' title='bbox 453 1964 493 2006; x_wconf 87' lang='lat' dir='ltr'><strong>illo</strong></span> <span class='ocrx_word' id='word_1_249' title='bbox 509 1963 694 2023; x_wconf 47' lang='lat' dir='ltr'><strong>privandusgest,</strong></span> 
     </span>
    </p>
   </div>
   <div class='ocr_carea' id='block_1_7' title="bbox 14 2087 696 2320">
    <p class='ocr_par' dir='ltr' id='par_1_10' title="bbox 14 2087 696 2320">
     <span class='ocr_line' id='line_1_33' title="bbox 37 2087 695 2134; baseline 0.003 -12"><span class='ocrx_word' id='word_1_250' title='bbox 37 2087 61 2134; x_wconf 82' lang='lat' dir='ltr'><strong>[l]</strong></span> <span class='ocrx_word' id='word_1_251' title='bbox 71 2099 82 2122; x_wconf 90' lang='grc'>«</span> <span class='ocrx_word' id='word_1_252' title='bbox 91 2088 159 2123; x_wconf 79' lang='lat' dir='ltr'><strong>Sufficit</strong></span> <span class='ocrx_word' id='word_1_253' title='bbox 168 2089 216 2133; x_wconf 87' lang='lat' dir='ltr'><strong>quod</strong></span> <span class='ocrx_word' id='word_1_254' title='bbox 225 2089 344 2124; x_wconf 84' lang='lat' dir='ltr'><strong>confessarius</strong></span> <span class='ocrx_word' id='word_1_255' title='bbox 353 2090 418 2125; x_wconf 83' lang='lat' dir='ltr'><strong>haheat</strong></span> <span class='ocrx_word' id='word_1_256' title='bbox 432 2089 537 2134; x_wconf 84' lang='lat' dir='ltr'><strong>prudentem</strong></span> <span class='ocrx_word' id='word_1_257' title='bbox 552 2089 695 2134; x_wconf 83' lang='lat' dir='ltr'><strong>probabilitatem</strong></span> 
     </span>
     <span class='ocr_line' id='line_1_34' title="bbox 15 2134 696 2180; baseline 0 -11"><span class='ocrx_word' id='word_1_258' title='bbox 15 2134 37 2169; x_wconf 89' lang='lat' dir='ltr'><strong>de</strong></span> <span class='ocrx_word' id='word_1_259' title='bbox 45 2135 162 2179; x_wconf 79' lang='lat' dir='ltr'><strong>dispositione</strong></span> <span class='ocrx_word' id='word_1_260' title='bbox 172 2136 280 2179; x_wconf 86' lang='lat' dir='ltr'><strong>poenitentis,</strong></span> <span class='ocrx_word' id='word_1_261' title='bbox 289 2141 306 2170; x_wconf 87' lang='lat' dir='ltr'><strong>et</strong></span> <span class='ocrx_word' id='word_1_262' title='bbox 316 2145 352 2170; x_wconf 88' lang='lat' dir='ltr'><strong>nou</strong></span> <span class='ocrx_word' id='word_1_263' title='bbox 361 2137 419 2171; x_wconf 85' lang='lat' dir='ltr'><strong>obstet</strong></span> <span class='ocrx_word' id='word_1_264' title='bbox 428 2145 450 2170; x_wconf 89' lang='lat' dir='ltr'><strong>ex</strong></span> <span class='ocrx_word' id='word_1_265' title='bbox 462 2137 498 2171; x_wconf 88' lang='lat' dir='ltr'><strong>alia</strong></span> <span class='ocrx_word' id='word_1_266' title='bbox 507 2140 557 2180; x_wconf 88' lang='lat' dir='ltr'><strong>parte</strong></span> <span class='ocrx_word' id='word_1_267' title='bbox 568 2136 646 2180; x_wconf 87' lang='lat' dir='ltr'><strong>prudeus</strong></span> <span class='ocrx_word' id='word_1_268' title='bbox 655 2145 696 2170; x_wconf 90' lang='lat' dir='ltr'><strong>sus-</strong></span> 
     </span>
     <span class='ocr_line' id='line_1_35' title="bbox 14 2181 695 2227; baseline 0.003 -13"><span class='ocrx_word' id='word_1_269' title='bbox 14 2181 62 2223; x_wconf 83' lang='lat' dir='ltr'><strong>picio</strong></span> <span class='ocrx_word' id='word_1_270' title='bbox 69 2181 221 2225; x_wconf 80' lang='lat' dir='ltr'><strong>indispositicnis3</strong></span> <span class='ocrx_word' id='word_1_271' title='bbox 231 2183 276 2217; x_wconf 88' lang='lat' dir='ltr'><strong>alias</strong></span> <span class='ocrx_word' id='word_1_272' title='bbox 285 2182 314 2216; x_wconf 86' lang='lat' dir='ltr'><strong>vix</strong></span> <span class='ocrx_word' id='word_1_273' title='bbox 322 2182 371 2216; x_wconf 91' lang='lat' dir='ltr'><strong>ullus</strong></span> <span class='ocrx_word' id='word_1_274' title='bbox 377 2188 438 2226; x_wconf 85' lang='lat' dir='ltr'><strong>posset</strong></span> <span class='ocrx_word' id='word_1_275' title='bbox 446 2182 522 2225; x_wconf 84' lang='lat' dir='ltr'><strong>absolui,</strong></span> <span class='ocrx_word' id='word_1_276' title='bbox 532 2182 574 2216; x_wconf 90' lang='lat' dir='ltr'><strong>dum</strong></span> <span class='ocrx_word' id='word_1_277' title='bbox 581 2190 695 2227; x_wconf 76' lang='lat' dir='ltr'><strong>quacumque</strong></span> 
     </span>
     <span class='ocr_line' id='line_1_36' title="bbox 15 2227 696 2310; baseline 0.001 -49"><span class='ocrx_word' id='word_1_278' title='bbox 15 2228 66 2307; x_wconf 60' lang='lat' dir='ltr'><strong>{igne</strong></span> <span class='ocrx_word' id='word_1_279' title='bbox 77 2227 198 2310; x_wconf 58' lang='lat' dir='ltr'><strong>poerssiitepitium</strong></span> <span class='ocrx_word' id='word_1_280' title='bbox 209 2238 245 2263; x_wconf 92' lang='lat' dir='ltr'><strong>non</strong></span> <span class='ocrx_word' id='word_1_281' title='bbox 256 2234 340 2275; x_wconf 80' lang='lat' dir='ltr'><strong>praestant</strong></span> <span class='ocrx_word' id='word_1_282' title='bbox 349 2229 384 2264; x_wconf 85' lang='lat' dir='ltr'><strong>uisi</strong></span> <span class='ocrx_word' id='word_1_283' title='bbox 394 2229 537 2274; x_wconf 83' lang='lat' dir='ltr'><strong>probabilitatem</strong></span> <span class='ocrx_word' id='word_1_284' title='bbox 545 2228 673 2275; x_wconf 81' lang='lat' dir='ltr'><strong>dispositionis.</strong></span> <span class='ocrx_word' id='word_1_285' title='bbox 684 2238 696 2262; x_wconf 87' lang='lat'>»</span> 
     </span>
     <span class='ocr_line' id='line_1_37' title="bbox 28 2274 175 2320; baseline 0.02 -13"><span class='ocrx_word' id='word_1_286' title='bbox 28 2274 94 2319; x_wconf 79' lang='lat' dir='ltr'><strong>.Alph.</strong></span> <span class='ocrx_word' id='word_1_287' title='bbox 119 2302 123 2320; x_wconf 89' lang='lat'><strong>,</strong></span> <span class='ocrx_word' id='word_1_288' title='bbox 135 2275 145 2309; x_wconf 81' lang='lat' dir='ltr'><strong>l</strong></span> <span class='ocrx_word' id='word_1_289' title='bbox 160 2275 175 2310; x_wconf 89' lang='lat' dir='ltr'><strong>l.</strong></span> 
     </span>
    </p>
   </div>
   <div class='ocr_carea' id='block_1_8' title="bbox 0 0 795 2412">
    <p class='ocr_par' dir='ltr' id='par_1_11' title="bbox 0 0 795 2412">
     <span class='ocr_line' id='line_1_38' title="bbox 0 0 795 2412; baseline 0 0"><span class='ocrx_word' id='word_1_290' title='bbox 0 0 795 2412; x_wconf 95' lang='lat' dir='ltr'><strong> </strong></span> 
     </span>
    </p>
   </div>
  </div>
 </body>
</html>
