1577 2464
254 4 497 78 Trnns''11,curu·r1v
537 24 548 71 J
651 19 719 66 ’149

36 114 157 173 menstrui,
165 116 209 163 nisi
217 108 281 175 justa
291 116 352 162 adsit
362 101 439 173 eausa,
446 128 500 175 mg.
508 115 633 176 perieulum
643 118 719 165 ineon·

37 177 149 231 tinentiae,
167 180 203 223 est
219 177 309 228 veniale
326 174 372 235 (l);
387 178 440 234 quia
454 176 530 234 proles
546 181 651 234 suscepta
665 182 718 224 tune

37 237 160 282 solet-esse
177 237 281 290 debilior,
294 236 330 281 eui
341 238 417 281 tamen
434 238 516 282 melius
530 239 566 282 est
581 250 639 291 esse,
651 251 718 294 quam
787 246 788 249 ’

36 308 82 342 non
95 310 153 343 esse.
170 298 219 342 Lex
235 297 328 353 antiqua
338 299 391 342 tune
402 298 524 355 prohibens
539 297 651 362 copulam,
661 312 719 343 nuno

37 360 119 413 cessat.
141 358 163 403 3.
186 358 227 402 Uti
246 357 400 411 matrimonio,
418 359 472 403 dum
493 371 551 403 uxor
561 360 597 404 est
613 358 718 415 gravida,

37 418 134 461 mortale
143 431 187 461 non
197 420 240 470 est,
253 417 273 461 si
284 418 344 461 absit
352 418 478 473 periculum
487 419 589 472 abortus,
601 418 661 462 sieut
669 418 721 474 ple·
741 419 743 422 '

38 487 132 532 rumque
147 476 225 529 abest;
243 477 278 520 est
291 478 367 520 tamen
384 476 452 532 juxta
469 475 557 532 aliquos
567 476 665 521 veniale.
675 476 720 522 Sed

38 535 132 590 Saron,
140 537 236 590 Aversa,
244 539 267 581 et
274 535 361 581 aliihoe
369 550 456 594 quoque
464 535 602 596 negantp(2);
613 537 665 593 quia
672 550 720 582 ma-

38 595 171 640 trimonium
190 596 259 641 etiam
278 598 314 641 esi
332 597 356 640 in
376 597 501 641 remedium
523 597 718 655 concupiscentiae,

38 669 133 713 eumque
149 670 231 701 uxores
246 670 329 714 magna
342 660 407 715 parte
421 657 531 715 temporis
546 657 592 702 sint
607 658 718 715 gravidae,

38 717 106 761 nimis
116 718 267 774 perieulosum
280 721 349 771 esset,
361 718 462 775 obligare
473 719 514 763 sub
526 721 620 777 peceato
633 719 662 763 ad
678 720 720 763 ab·

38 776 167 822 siinendum
186 781 250 821 tanto
269 779 379 835 tempore.
397 779 420 822 4,
434 779 525 823 Mutare
544 778 613 823 situm
632 778 656 822 in
677 792 719 823 usu

37 837 187 892 matrimonii,
205 838 224 882 si
245 838 305 881 absit
320 838 444 894 perieulum
464 839 604 895 pollutionis,
621 840 719 885 mortale

38 909 83 940 non
100 899 144 949 est,
157 897 209 953 quia
226 911 270 940 non
288 897 352 940 obest
368 898 517 952 generationi,
535 903 660 942 esttamen
677 912 720 942 ve-

38 955 98 1000 niale
113 954 156 1016 (3),
174 955 227 1013 quia
243 955 475 1014 innaturalis;potest
493 961 570 1001 tamen
589 961 613 1002 et
630 958 658 1002 ab
677 958 727 1003 hoa:

38 1028 147 1062 excusare
158 1016 300 1072 indispositio
311 1017 411 1073 eorporis
423 1018 451 1061 ad
460 1017 530 1061 alium
542 1017 620 1072 situm,
629 1021 673 1063 eto.
681 1031 687 1074 ;
696 1021 720 1064 et

37 1075 81 1123 hoo
104 1088 158 1121 casu
181 1076 267 1134 petenti
288 1076 445 1133 obtemperare
469 1078 536 1122 debet
558 1078 633 1123 altera
657 1091 718 1136 pars.

48 1250 50 1252 v
62 1202 121 1240 sient
128 1201 290 1249 Ponmruuitnmn,
300 1207 369 1239 mature
377 1203 470 1249 perpensis
480 1204 574 1250 propositis
583 1204 652 1248 dubiis,

62 1250 90 1287 td
100 1250 176 1296 primam
186 1251 294 1295 respondet:
304 1251 361 1293 Quum
370 1255 407 1286 tota
416 1250 466 1287 aetus
475 1253 584 1287 inordinatio
593 1262 614 1287 ex
622 1251 656 1287 uiri
667 1251 721 1287 muli·

39 1296 65 1331 tia
74 1297 165 1341 procedat,
172 1298 202 1342 qui
213 1298 250 1332 loro
260 1297 394 1332 consummandi
401 1298 477 1333 retrahit
486 1309 505 1332 se
514 1303 531 1334 et
541 1304 590 1334 extra
598 1309 630 1334 ras
639 1297 721 1343 effundit,

39 1342 80 1377 ideo
89 1345 105 1377 si
117 1344 183 1377 mulier
191 1349 231 1388 pust
242 1343 310 1378 debitas
319 1343 449 1378 admonitiones
460 1345 505 1378 nihil
519 1345 610 1388 prolieiat3
621 1345 649 1378 uir
661 1351 720 1379 autem

39 1387 93 1423 instet
106 1389 191 1424 minando
204 1394 278 1423 mortem
293 1394 323 1424 aut
333 1389 407 1424 verbera
420 1389 446 1437 (ut
456 1391 525 1436 probati
540 1391 625 1435 Theologi
638 1389 720 1436 docent];

39 1436 85 1470 eitra
93 1441 183 1481 peceatum
190 1439 259 1479 perstre
266 1446 285 1471 se
292 1436 358 1470 hahere
367 1442 433 1481 potest,
441 1447 495 1482 qpum
503 1439 521 1471 in
530 1438 558 1472 uis
565 1447 624 1472 rerum
632 1438 721 1481 adjunctis

40 1482 80 1527 ipsa
89 1482 123 1517 tiri
134 1483 162 1518 sui
177 1487 268 1527 peccatum
281 1482 386 1528 simpliciter
398 1484 495 1528 permittat,
508 1483 562 1530 idque
574 1493 595 1518 ex
608 1493 662 1518 rausa
671 1485 721 1530 gravi

40 1539 79 1576 quae
93 1539 132 1565 earn
147 1535 230 1573 excusam
245 1529 329 1575 quoniam
343 1530 421 1566 charitas
434 1542 469 1577 qua
482 1530 527 1567 illud
542 1530 628 1577 impedire
641 1537 722 1568 teneatur

40 1586 81 1613 tum
92 1580 140 1612 tanto
150 1577 262 1612 incommodo
272 1587 308 1612 nou
319 1577 391 1622 obligat.
689 1613 691 1615 ,

46 1654 48 1657 ,
64 1622 91 1659 nd
100 1623 195 1659 secundam
204 1628 221 1658 et
235 1624 306 1658 tertiam
320 1625 405 1668 reponit:
416 1624 467 1666 Quod
476 1624 561 1671 praefatus
568 1624 692 1659 ConfessarIus
702 1624 721 1660 in

40 1674 116 1707 mentem
135 1673 205 1716 revocet
220 1668 303 1714 adagium
317 1670 362 1705 illud
378 1672 464 1707 :Sancta
480 1676 540 1706 saneta
557 1674 654 1706 tractando
667 1676 722 1715 suerat,¹

40 1721 95 1763 etque
107 1715 160 1753 etiam
175 1715 274 1761 perpendat
287 1716 342 1751 verita
354 1716 373 1753 S.
387 1717 441 1762 ulph.
456 1717 478 1753 de
496 1717 576 1763 Ligurio,
591 1717 625 1753 riri
640 1718 687 1754 docti
704 1723 722 1754 et

40 1764 105 1799 harum
117 1772 176 1798 rerum
190 1762 301 1805 peritissimi,
317 1764 348 1807 qui
363 1773 383 1798 rn
395 1766 454 1798 Praei
464 1766 572 1808 Consenrarit'
586 1764 609 1808 (e.
621 1773 642 1808 11,
654 1774 673 1798 n.
684 1763 722 1809 il),
744 1770 748 1772 “

39 1810 96 1845 Hom.
109 1808 172 1853 Aperi.
185 1812 237 1842 tract.
251 1809 311 1842 ultim.
324 1808 349 1854 (n.
362 1807 400 1854 tt),
410 1808 469 1854 inquit
479 1818 483 1845 :
493 1820 504 1843 «
514 1809 564 1845 Cinea
575 1814 634 1845 autem
649 1814 722 1854 pearata
765 1812 768 1827 ³

40 1866 52 1891 ‹<
61 1856 156 1901 conjugum
165 1858 247 1900 respectu
253 1853 275 1888 ad
283 1852 362 1889 debiturn
372 1855 461 1900 maritale,
471 1855 559 1891 ordinarie
569 1855 666 1902 loquendo,
675 1856 722 1890 Con-

39 1912 52 1936 «
60 1901 147 1940 fossarius
155 1911 191 1936 non
202 1905 277 1943 tenetur,
287 1910 320 1934 neo
329 1901 387 1945 deuel,
401 1903 511 1947 interrogare
520 1902 556 1936 nisi
564 1913 629 1936 uxores
642 1912 665 1936 an
675 1903 721 1937 illud

39 1960 52 1984 d
60 1948 182 1991 reddiderunt,
193 1946 294 1982 modestiori
303 1947 356 1982 niodo
368 1958 404 1994 quo
416 1948 482 1994 possit;
491 1948 513 1984 de
522 1949 563 1985 aliis
572 1954 636 1994 taceat,
643 1949 679 1984 nisi
689 1948 722 1984 iu-

40 2007 52 2033 «
61 2001 160 2045 terrogatus
169 1995 222 2033 luerit
230 2006 249 2032 »,
256 1993 329 2031 Necnon
338 1994 384 2032 alios
395 1996 479 2044 probatos
488 2002 569 2034 auctores
580 1996 674 2035 consulere
686 2005 722 2035 nott

40 2045 117 2080 omittat.

63 2090 127 2126 Datum
137 2091 203 2137 Romae,
213 2089 231 2124 in
240 2087 446 2135 Sarnadoenitentiaria,
455 2089 484 2125 die
493 2089 504 2125 8
513 2090 560 2136 lunii
573 2090 627 2126 tata.

71 2135 88 2182 l)
99 2136 125 2172 cf.
134 2137 152 2173 S.
163 2136 216 2181 lllph.
226 2135 243 2171 6.
253 2133 287 2170 tta
297 2139 313 2168 et
322 2132 363 2169 925.

71 2183 88 2230 2)
97 2183 123 2219 Gi.
133 2183 151 2218 S.
162 2184 215 2227 Alph.
224 2182 242 2226 6,
250 2181 283 2216 tri
291 2185 308 2215 et
315 2180 356 2215 882.

64 2229 88 2278 (3)
98 2229 124 2271 Cf.
133 2231 152 2267 S.
161 2230 214 2276 Alph.
225 2228 243 2275 ὃ,
253 2228 294 2264 917.
