1577 2464
50 92 103 140 Ι132
140 111 370 143 nuo-conrnssnnrus
386 110 498 155 nonomen
514 86 654 144 inserueras

325 275 424 318 CAPUT
434 274 476 318 1114

60 377 94 421 Da
114 334 708 477 Ocrrsasrar'aaorrrrir'cprrnnf77707777777772717177‘7777

332 447 341 477 ι
363 447 472 478 ιιιιιι.

312 567 455 623 eumerio
466 568 486 612 ι.

230 665 345 720 ιιιιιιιιιι
356 666 405 710 strat
415 667 578 724 examinandi?

154 765 193 800 ill.
204 765 294 808 Quomodo
304 765 418 800 examinandi
430 766 491 801 rustici
501 771 518 801 ιι
528 767 558 802 alii
569 765 649 812 plebeii?

90 855 142 904 114.
155 877 185 885 -
199 854 269 911 Resp.
286 853 311 897 Si
327 855 473 909 exposuerint.
489 866 539 910 (puae
553 855 576 898 in
597 855 742 901 eonscientiae

59 914 163 957 examine
175 917 330 963 occurrerunt,
344 915 492 970 videaturque
504 928 598 957 examen
608 920 634 957 ut
643 916 672 958 ab
679 917 742 971 ejus·

59 975 120 1018 modi
136 986 196 1031 saepe
210 974 244 1028 fit,
257 987 301 1016 non
316 974 372 1017 satis
384 976 489 1017 accurate
500 974 639 1029 institutam,
653 977 742 1034 exami-

61 1038 142 1077 nentur
154 1035 425 1090 percurrendopraecepta
433 1034 482 1082 Dei.
494 1038 517 1076 et
528 1035 644 1087 Ecclesiae,
654 1048 742 1079 eorum-

59 1095 102 1150 que
109 1093 265 1150 occupationes
273 1100 296 1137 et
303 1095 439 1146 occasiones,
450 1096 474 1137 ut
483 1094 556 1150 magis
566 1094 680 1138 videbitur
689 1105 742 1139 eon-

60 1155 138 1197 venire
152 1166 157 1197 ;
170 1167 193 1195 v.
207 1166 242 1208 gr.
255 1154 279 1196 1⁰
290 1154 322 1196 De
334 1155 432 1208 peccatis
443 1154 547 1207 internis,
560 1168 599 1197 seu
611 1154 693 1199 cordis.
706 1157 742 1199 An

59 1214 163 1268 turpibus
185 1212 359 1269 cogitationibus
381 1214 483 1256 dederint
502 1213 592 1256 laeum?
610 1215 646 1256 An
663 1215 742 1257 odium

59 1277 139 1318 contra
148 1272 245 1327 aliquem
254 1272 361 1325 foverint,
374 1273 441 1317 alicui
450 1272 580 1327 inviderint,
588 1273 742 1331 malumopta-

60 1333 144 1387 veri'nt,
156 1334 182 1375 de
192 1345 217 1373 eo
227 1333 346 1375 eveniente
355 1333 421 1388 gravi
429 1331 490 1375 sint?
499 1332 523 1374 2⁰
534 1334 566 1375 De
576 1333 674 1388 peccatis
685 1334 740 1378 oris.

59 1395 95 1436 An
103 1407 146 1436 non
153 1393 367 1448 blasphemaverint,
378 1392 516 1448 juraverint,
527 1393 694 1450 maledixerint,
705 1395 742 1438 vel

15 1473 17 1475 ·
60 1455 88 1496 de
96 1453 267 1509 proxiniismalc
275 1452 344 1495 locuti
353 1453 406 1504 sint,
415 1453 526 1495 defectum
533 1453 664 1507 objecerint,
672 1454 742 1498 rixati

4 1512 10 1516 “’
60 1511 120 1556 sint?
131 1513 161 1556 Et
175 1513 223 1554 haee
239 1512 357 1567 quomodo,
371 1513 459 1568 quibus,
476 1514 530 1567 etc,
543 1513 664 1568 secundnm
682 1513 743 1557 dicta

61 1588 97 1616 nu.
118 1572 156 1617 91.
171 1573 194 1616 Si
208 1572 350 1629 juraverint:
363 1586 391 1616 an
408 1573 515 1626 felecan
531 1586 581 1617 cum
596 1570 672 1627 causa,
684 1587 742 1630 quo-

61 1633 142 1674 modo?
152 1634 187 1674 An
203 1632 341 1675 intenderint
352 1633 423 1674 Deum
435 1632 548 1676 vocarem
560 1631 658 1676 restent
669 1633 693 1676 3⁰
709 1633 742 1676 De

62 1692 158 1747 peccatis
171 1693 254 1745 operis,
266 1696 288 1735 et
298 1692 440 1735 omissionis:
453 1705 476 1735 v.
487 1704 510 1746 g.
521 1691 556 1734 An
566 1693 602 1735 die
612 1691 670 1736 festo
681 1692 743 1736 labo-

61 1752 165 1796 raverint
182 1751 306 1808 serviliter,
317 1751 353 1795 vel
371 1751 466 1796 Missam
482 1751 633 1808 neglexerint,
649 1752 743 1796 adeam

62 1825 95 1855 se
93 1825 112 1854 0
130 1811 242 1865 venerint,
226 1812 298 1856 tvel
315 1812 462 1867 exposuerint
481 1824 504 1854 se
516 1812 616 1880 periculo
634 1824 684 1855 sero
700 1825 743 1856 ve

62 1871 156 1915 aiendi:
176 1871 220 1914 hoe
229 1872 289 1916 enim
306 1871 408 1916 faciendo
423 1875 525 1928 peccant,
544 1872 587 1916 etsi
557 1872 653 1916 tdein
664 1873 743 1917 Missae

62 1927 177 1974 intersint
190 1932 225 1974 An
242 1946 265 1975 se
276 1932 446 1986 inebriaverint
464 1931 537 1987 plene,
556 1931 594 1974 vel
610 1932 742 1987 semiplene,

62 1990 116 2033 nuni
132 1993 218 2032 ettunc
229 1994 318 2046 eger
294 1990 379 2035 ²An
395 1991 440 2035 ist
449 1990 473 2035 iu
475 1989 696 2058 tuiapraeviderint,
706 1992 745 2034 vel

62 2048 196 2094 timuerint?
210 2050 246 2093 An
263 2051 319 2094 nulli
336 2051 442 2094 <lamnam
458 2050 581 2103 causarint‚
600 2051 686 2094 nullum
703 2052 745 2094 de-

62 2109 199 2160 irretierint,
215 2110 238 2152 in
249 2110 271 2152 al
273 2110 323 2153 iena
338 2111 405 2168 sylva
419 2111 546 2179 lignacum
561 2111 641 2163 damno
653 2111 746 2155 excide-

62 2170 117 2223 rint,
100 2169 166 2213 tvel
181 2166 336 2222 subduxerint,
354 2184 436 2226 pecora
450 2172 473 2214 in
488 2169 562 2215 aliena
574 2185 656 2227 pascua
672 2173 756 2216 duxe·.

62 2231 118 2283 rint,
137 2228 194 2272 nihil
210 2230 277 2285 turpe
289 2229 391 2297 egerint?
402 2236 425 2275 et
426 2243 446 2274 ι.
416 2228 484 2275 tsi
496 2229 545 2285 quis
556 2233 584 2275 ad
596 2231 671 2275 oinnia
689 2232 745 2274 nihil

14 2304 16 2307 ’
63 2290 121 2334 sciat
137 2289 283 2346 respondere,
300 2289 345 2333 nisi
361 2290 420 2347 quod
432 2290 554 2352 juraverit,
574 2292 612 2337 vel
627 2293 746 2350 pecoribus
765 2315 767 2319 ι
