1577 2464
277 58 336 90 runs
351 58 385 101 111,
410 58 483 88 eaeor
498 59 506 88 1
531 83 534 91 .
686 47 731 100 253

53 145 90 202 qui
102 145 172 190 nollet
186 145 219 191 sic
235 140 346 190 offendere
358 148 455 202 patrem,
467 148 493 190 ut
503 149 617 191 mereatur
630 147 730 192 haeredi-
761 184 763 187 .

33 261 35 265 Α
53 209 100 249 tate
113 205 208 264 privari,
227 210 322 262 paterna
338 206 403 248 donno
420 205 483 261 ejici;
495 220 538 249 non
550 211 639 249 curaret
654 213 730 251 tamen

52 266 130 311 inultis
145 267 232 311 levibus
245 279 296 310 eum
311 264 424 309 offendere
435 268 458 309 et
469 279 518 309 esse
534 266 654 320 nrolestus3
667 281 694 310 an
710 268 730 311 is

53 341 96 370 non
108 327 189 371 merito
203 326 366 382 vituperandus
384 329 452 377 esset,
469 326 532 382 sique
550 327 653 383 ingenuae
671 327 731 370 foret

52 387 141 441 indolis,
154 384 313 431 erubesceret?
324 386 381 428 Ecce
394 386 458 429 sictu
473 388 496 429 te
512 388 572 442 geris
584 400 639 442 erga
650 388 729 438 Deum,

52 449 89 502 qui
101 449 155 491 mali
170 447 235 499 nihil,
249 447 287 488 sed
303 445 422 489 innumera
433 446 489 489 bona
502 446 543 489 tibi
558 447 661 490 contulit.
674 447 731 490 Usui

53 507 121 550 etiarn
139 520 188 550 esse
203 507 279 560 potest
293 504 416 548 similitudo
432 519 519 562 sponsae
535 519 590 561 erga
609 517 729 562 sponsum,
750 539 752 541 ,

51 564 130 610 famuli
146 579 201 621 erga
216 564 330 608 dominum
344 565 426 607 bonurn
441 568 464 607 et
478 565 596 608 liberalem
607 566 640 608 sic
654 578 677 608 se
690 566 730 607 hu-

52 623 133 669 bentis.
150 626 196 669 Ubi
213 624 327 668 videbitur
344 625 379 668 his
394 626 524 683 dispositus,
542 626 628 670 absolvi
646 628 730 681 potest,

51 687 88 729 vel
107 686 188 741 debeis
201 699 241 728 nec
255 687 290 729 est
309 684 394 744 paritas
408 685 503 729 recidivi
522 685 545 728 in
565 685 731 729 venialiacum

52 747 151 788 recidivo
165 759 193 788 ex
206 745 366 787 consuetudine
380 746 402 787 in
419 746 525 789 mortalia
538 758 543 788 :
556 748 609 801 quia
625 745 732 788 mortalia

51 805 73 847 in
86 804 175 848 bomine
186 803 295 861 majorem
308 806 405 861 arguunt
415 804 539 858 malitiam3
553 819 595 848 non
607 805 640 848 ita
650 805 732 858 venia-

51 866 90 917 lia,
100 879 150 922 quae
166 864 254 908 facilius
270 864 393 918 evitantur,
403 866 547 921 crediturque
565 867 624 909 Deus
641 864 731 909 facilius

51 926 105 968 <lare
117 925 196 969 amieis
208 924 307 980 gratiam
318 924 429 967 efficacem
439 924 536 980 dolendi,
546 938 612 980 quani
622 925 729 978 inimicis,

51 986 178 1042 praesertim
190 984 333 1039 inveteratis,
344 985 455 1041 habetque
474 985 524 1040 ipsa
538 985 560 1028 in
577 985 623 1028 illis
639 983 730 1028 facilius

51 1047 132 1100 locuni,
143 1047 221 1101 utpote
232 1045 278 1088 Deo
286 1044 341 1087 bene
353 1045 447 1089 affectis.
459 1044 730 1102 Hincplusfundamenti

51 1110 85 1151 est
96 1104 201 1149 credendi
212 1118 261 1148 esse
272 1103 401 1162 dispositos,

287 1261 429 1309 QUAESTIO
441 1262 493 1305 VII.

53 1369 109 1423 Quen
121 1367 169 1412 sint
183 1365 282 1412 remedia
292 1366 429 1425 spiriinnlin
438 1367 570 1413 conutitutis
580 1369 605 1414 in
617 1368 731 1415 occasione

76 1429 192 1486 nronirnn,
205 1431 226 1473 ei
237 1427 444 1473 consuetudinariis
453 1428 478 1473 in
488 1429 585 1474 necteria
595 1430 700 1474 cencres?

214 1540 253 1576 188.
264 1540 349 1577 Remedia
357 1550 389 1585 pro
400 1540 567 1577 consuetudinariis.

80 1638 132 1684 188,
145 1663 175 1670 -
186 1639 256 1695 Resp.
268 1639 358 1688 Praeter
369 1638 429 1684 dicta
440 1653 477 1683 nu.
491 1640 520 1685 16
530 1642 553 1684 et
564 1654 586 1683 n.
598 1640 636 1695 74,
649 1641 729 1696 prode·

50 1703 104 1744 runt
116 1698 232 1756 sequentia
244 1710 249 1741 :

80 1761 102 1803 1.
121 1760 237 1816 Frequens
248 1757 364 1803 Confessio
377 1761 400 1803 et
419 1760 559 1813 Communis,
571 1762 598 1804 ut
610 1760 660 1816 jain
672 1761 728 1815 dixi,

50 1833 101 1863 eum
116 1820 203 1863 sincero
215 1818 291 1863 dolore
307 1820 330 1862 et
347 1820 472 1876 proposito.
492 1821 571 1863 Oratio
586 1823 609 1864 et
622 1821 730 1865 contritio

23 1897 24 1900 ¹
49 1879 155 1936 frequens
167 1878 337 1937 competitione
351 1880 424 1924 neniae
437 1893 442 1924 :
461 1881 523 1937 sique
535 1882 567 1924 sit
577 1880 600 1924 in
611 1881 728 1925 occasione

49 1941 162 1996 proxima,
181 1953 248 1996 quam
262 1952 368 1983 amovere
383 1954 428 1983 non
438 1944 522 1997 potest,
537 1941 592 1998 fuge
606 1954 730 1986 conversa-

49 1999 117 2044 tionis
129 2000 198 2044 solius
209 2013 260 2045 oum
271 1999 327 2054 sola,
344 1998 420 2044 blandi
432 2003 545 2058 aspectus,
557 2001 612 2058 jeci,
624 2001 730 2057 colloquii

49 2060 177 2104 familiaris.

80 2121 103 2165 9,
122 2121 205 2165 Sedulo
222 2120 348 2178 expendere
363 2119 439 2176 finem,
457 2122 569 2179 adquem
587 2123 676 2165 creatus
695 2122 730 2165 est

49 2180 224 2237 horno',qucnon
234 2181 333 2234 obtento,
340 2181 430 2236 perdita
438 2182 594 2237 eruntomnia,
604 2185 626 2224 et
633 2182 730 2225 restabit

50 2239 129 2285 infelix
140 2240 264 2286 aeternitas.
281 2239 343 2295 anid
352 2239 444 2303 prodest
458 2240 552 2299 donnini,
564 2242 586 2287 si
600 2240 730 2289 universnm

214 2337 295 2372 Raurnn.
301 2347 303 2349 ’
310 2335 502 2372 Neo-conressnnius.
510 2355 534 2364 -
544 2334 566 2372 ti
