1577 2464
43 95 104 153 '232
140 120 374 154 uno-counasssmus
390 121 503 154 aaronica
519 98 660 173 rusnau'crus
686 161 688 168 y
732 137 737 144 ›

309 295 450 353 QUAEsrto
462 298 491 347 Π.

62 386 179 461 Quomodo
183 403 349 462 ,praecedentiam
356 404 388 449 sit
400 402 542 460 Confesscrio
550 403 741 451 concoctiones

203 464 228 508 in
239 464 352 508 occasione
358 465 468 519 peccandi
476 462 597 521 prociona?
711 504 713 508 .

60 564 101 600 lta.
111 563 204 599 Absolutio
218 573 252 597 non
268 568 348 607 neganda
365 569 452 606 disposito
462 563 484 597 oh
496 563 607 604 existentiam
617 562 635 596 in
647 565 741 600 occasione

84 616 151 645 remota
165 609 232 654 peccati
245 609 310 653 gravis.
321 626 343 633 -
356 608 397 643 lto.
411 611 446 643 Nec
457 609 478 643 cb
492 610 604 650 existentiam
613 608 631 642 in
647 611 741 645 occasione

83 657 163 702 proxima
179 655 251 700 physice
263 654 368 700 inevitabili.
385 673 408 679 -
427 656 465 689 tlt.
483 655 568 700 Neganda
583 655 740 693 nolentidcsenere

83 704 193 738 occasionem
203 703 301 745 proximam
315 702 416 735 continuam
429 701 480 735 facile
490 702 586 737 vitabilem.
597 720 619 726 -
628 702 667 736 lta.
678 704 698 736 Et
707 714 740 739 nc-

82 750 125 784 lenti
139 749 194 782 xitare
204 748 325 791 interruptam.
336 766 359 773 —
370 747 410 781 lla.
421 748 457 781 lmo
470 752 487 781 et
497 748 533 782 nisi
543 749 592 791 prius
609 748 677 782 deserat
688 749 741 785 facilc

82 795 172 830 vitabilem
183 795 292 827 continuam.
307 812 329 818 -
345 794 385 827 til.
397 793 459 835 Secum
469 794 484 826 si
494 794 517 827 sit
531 794 621 828 moraliter
631 795 741 830 inevitabilis

17 859 18 864 =
83 847 99 876 et
108 845 189 886 speretur
198 840 287 874 reddenda
296 846 370 873 remota.
381 840 510 874 —Consilium
520 840 540 874 P.
550 841 629 886 Segneri.

89 927 141 971 lca.
154 952 181 958 —
198 927 268 983 Resp.
283 925 301 969 1.
315 926 414 982 Propter
428 925 573 969 existentiam
585 926 607 969 in
623 928 740 972 occasione

59 986 167 1044 peccandi
178 993 266 1029 remota
278 1000 320 1028 hou
334 994 368 1028 est
378 987 481 1041 neganda
492 987 617 1041 absoluti03
629 990 682 1043 quia
693 990 741 1031 exi-

59 1052 120 1091 stens
132 1049 154 1090 in
163 1059 190 1088 ea
197 1049 272 1101 potest
284 1046 420 1088 sufficienter
432 1060 481 1089 esse
492 1047 622 1101 dispositus.
636 1048 679 1090 etsi
689 1062 753 1092 earn.

59 1107 115 1151 nolit
131 1109 244 1157 deserere,
260 1119 310 1148 cum
325 1107 352 1148 acl
368 1111 459 1160 peccata
470 1109 557 1148 rernote
571 1120 595 1149 se
609 1105 700 1161 habeat,
711 1111 739 1165 ¹et
764 1122 766 1125 ’

7 1215 9 1217 ,
58 1166 106 1209 vim
117 1167 144 1209 ad
162 1168 255 1220 peccata
270 1165 375 1206 movendi
391 1165 457 1206 facile
473 1166 632 1219 superabilem,
651 1167 738 1210 volenti

59 1226 92 1270 uti
104 1221 185 1283 gratiis
201 1224 329 1270 ordinariis.
347 1224 384 1267 Sic
396 1238 460 1268 nenio
470 1223 532 1277 dicit,
544 1225 677 1280 dispositum
689 1240 738 1271 esse

59 1300 102 1330 non
114 1299 187 1343 posse,
206 1285 300 1340 quinon
313 1285 362 1328 vult
377 1285 480 1327 deserere
497 1288 658 1338 altercatur-am,
676 1287 739 1329 mili-

58 1347 124 1399 tiam,
136 1358 242 1388 amovere
254 1345 354 1398 divitias,
371 1346 537 1400 paupertatem,
551 1346 661 1398 inertum,
676 1347 739 1388 sahi-

58 1409 138 1459 tatem,
152 1418 202 1460 quac
222 1406 274 1447 sunt
292 1403 419 1446 occasiones
436 1403 541 1459 peccandi
559 1407 661 1452 remotae.
680 1406 737 1458 lmc,

59 1465 143 1509 cumin
160 1464 221 1507 niillo
240 1466 300 1507 statu
311 1464 369 1520 tales
384 1464 512 1506 occasiones
527 1463 612 1518 clesint3
631 1465 739 1509 deberent

59 1537 137 1568 omnes
146 1537 158 1566 e
168 1523 250 1565 mundo
262 1523 333 1575 exire,
347 1522 478 1577 utloquitur
487 1522 608 1577 Apostolus
617 1523 638 1575 1,
650 1524 701 1566 Cor.
715 1526 737 1578 5,

60 1584 79 1627 si
90 1584 148 1626 tales
159 1582 287 1625 occasiones
299 1582 425 1624 necessario
435 1582 577 1624 removendae
589 1587 672 1625 essent.

8 1691 10 1693 .
91 1643 143 1688 170.
159 1668 189 1674 —-
204 1643 273 1697 Resp.
290 1641 320 1685 Il.
333 1642 412 1696 Neque
425 1642 527 1697 neganda
538 1642 649 1686 absolutio
666 1642 740 1699 poeci-

61 1703 118 1747 tenti
141 1705 234 1759 propter
260 1701 405 1744 existentiam
431 1701 454 1744 in
481 1702 596 1745 occasione
628 1707 740 1759 proxima,

61 1775 128 1818 quam
139 1763 176 1805 vel
186 1762 286 1817 physice,
294 1761 331 1804 vel
343 1761 390 1803 sine
400 1764 490 1816 peccato
500 1763 613 1813 deserere,
623 1763 659 1805 vel
665 1761 741 1806 'vitare

18 1871 21 1877 ,
61 1835 105 1865 non
117 1826 202 1877 potest;
215 1823 281 1864 morlo
297 1820 327 1864 sit
342 1820 471 1875 dispositus,
489 1824 625 1876 paratusque
641 1822 672 1864 uti
691 1835 741 1865 rne-

61 1881 114 1934 diis,
131 1881 160 1924 acl
178 1882 302 1922 cavendum
313 1879 427 1933 relapsum
444 1881 592 1935 praescriptis.
611 1881 680 1922 Ratio
697 1884 740 1933 est,

61 1940 115 1998 quia
130 1940 318 1996 permanentiam
333 1939 374 1981 tali
392 1941 506 1982 occasione
523 1939 567 1995 ipsi
578 1940 685 1995 imputari
699 1955 742 1982 nou

61 2000 176 2057 potestati
192 1999 280 2054 culpam
294 2012 299 2042 z
312 2012 377 2041 nemo
392 1999 451 2042 eni-m
467 1998 585 2055 'obligatur
603 2001 631 2043 ad
647 2001 741 2055 alicuid,

47 2057 121 2117 'quod
138 2057 236 2117 physice
251 2058 286 2101 vel
302 2058 350 2101 sine
367 2065 456 2114 peccato
476 2061 585 2116 praestare
596 2058 640 2102 'non
658 2063 741 2116 potest.
767 2097 769 2100 .

61 2121 140 2173 Ουοά,1
152 2119 171 2163 si
187 2117 314 2161 emendatio
332 2125 447 2173 sequatur,
470 2119 555 2177 poterit
577 2119 681 2175 deinceps
701 2120 744 2163 ab·

62 2180 134 2237 solvi3
151 2179 169 2223 si
186 2181 262 2221 autem
274 2178 314 2221 illa
326 2182 375 2234 post
391 2193 466 2232 unam,
483 2180 608 2222 alteramve
620 2181 744 2223 contessio-

62 2255 115 2286 nem
129 2254 171 2285 non
183 2242 301 2296 appareat,
315 2239 437 2284 differenda
448 2245 484 2284 cst
495 2239 615 2293 absolutio,
628 2241 697 2284 donec
706 2254 745 2297 ap·

6 2323 8 2325 ·
62 2305 144 2360 pareat
155 2299 283 2348 emendatio
296 2299 376 2342 saltem
391 2300 497 2344 notalsilis
511 2314 516 2344 :
529 2304 587 2355 tum,
600 2303 625 2345 ut
634 2301 757 2358 poenitens

744 1928 752 1947 ἲ
