<?xml version="1.0" encoding="UTF-8"?>
<!DOCTYPE html PUBLIC "-//W3C//DTD XHTML 1.0 Transitional//EN"
    "http://www.w3.org/TR/xhtml1/DTD/xhtml1-transitional.dtd">
<html xmlns="http://www.w3.org/1999/xhtml" xml:lang="en" lang="en">
 <head>
  <title>
</title>
<meta http-equiv="Content-Type" content="text/html;charset=utf-8" />
  <meta name='ocr-system' content='tesseract 3.04.00' />
  <meta name='ocr-capabilities' content='ocr_page ocr_carea ocr_par ocr_line ocrx_word'/>
</head>
<body>
  <div class='ocr_page' id='page_1' title='image "MN5128ucmf_0_0341.png"; bbox 0 0 1577 2464; ppageno 0'>
   <div class='ocr_carea' id='block_1_1' title="bbox 175 37 763 87">
    <p class='ocr_par' dir='ltr' id='par_1_1' title="bbox 175 37 763 87">
     <span class='ocr_line' id='line_1_1' title="bbox 175 37 763 87; baseline 0.002 -8"><span class='ocrx_word' id='word_1_1' title='bbox 175 51 177 53; x_wconf 93' lang='lat'>·</span> <span class='ocrx_word' id='word_1_2' title='bbox 255 41 364 87; x_wconf 69' lang='lat' dir='ltr'>rursm,</span> <span class='ocrx_word' id='word_1_3' title='bbox 381 45 494 78; x_wconf 71' lang='lat' dir='ltr'>etrurvr</span> <span class='ocrx_word' id='word_1_4' title='bbox 528 84 529 87; x_wconf 8' lang='grc' dir='ltr'><strong>Ἴ</strong></span> <span class='ocrx_word' id='word_1_5' title='bbox 646 37 711 83; x_wconf 86' lang='grc'><strong>·311</strong></span> <span class='ocrx_word' id='word_1_6' title='bbox 751 52 763 78; x_wconf 60' lang='grc'>.’</span> 
     </span>
    </p>
   </div>
   <div class='ocr_carea' id='block_1_2' title="bbox 16 131 714 490">
    <p class='ocr_par' dir='ltr' id='par_1_2' title="bbox 16 131 714 490">
     <span class='ocr_line' id='line_1_2' title="bbox 16 131 713 192; baseline 0.001 -14"><span class='ocrx_word' id='word_1_7' title='bbox 16 148 21 153; x_wconf 68' lang='grc'><strong>“</strong></span> <span class='ocrx_word' id='word_1_8' title='bbox 35 136 100 179; x_wconf 86' lang='lat' dir='ltr'>retur</span> <span class='ocrx_word' id='word_1_9' title='bbox 110 133 276 178; x_wconf 75' lang='lat' dir='ltr'>communicare</span> <span class='ocrx_word' id='word_1_10' title='bbox 288 133 360 175; x_wconf 92' lang='lat' dir='ltr'>denuo</span> <span class='ocrx_word' id='word_1_11' title='bbox 370 131 484 174; x_wconf 63' lang='lat' dir='ltr'>in‘eodem</span> <span class='ocrx_word' id='word_1_12' title='bbox 497 131 595 187; x_wconf 81' lang='lat' dir='ltr'>periculo</span> <span class='ocrx_word' id='word_1_13' title='bbox 608 132 649 192; x_wconf 82' lang='lat' dir='ltr'>(l).</span> <span class='ocrx_word' id='word_1_14' title='bbox 662 135 713 179; x_wconf 89' lang='lat' dir='ltr'>Non</span> 
     </span>
     <span class='ocr_line' id='line_1_3' title="bbox 36 191 714 248; baseline 0.001 -10"><span class='ocrx_word' id='word_1_15' title='bbox 36 198 111 239; x_wconf 87' lang='lat' dir='ltr'>autem</span> <span class='ocrx_word' id='word_1_16' title='bbox 121 195 217 237; x_wconf 88' lang='lat' dir='ltr'>dandum</span> <span class='ocrx_word' id='word_1_17' title='bbox 224 194 286 237; x_wconf 87' lang='lat' dir='ltr'>ebrio</span> <span class='ocrx_word' id='word_1_18' title='bbox 293 192 434 245; x_wconf 86' lang='lat' dir='ltr'>moribuud0,</span> <span class='ocrx_word' id='word_1_19' title='bbox 442 191 461 235; x_wconf 91' lang='lat' dir='ltr'>si</span> <span class='ocrx_word' id='word_1_20' title='bbox 469 196 563 246; x_wconf 78' lang='lat' dir='ltr'>constet,</span> <span class='ocrx_word' id='word_1_21' title='bbox 570 197 627 248; x_wconf 87' lang='lat' dir='ltr'>quod</span> <span class='ocrx_word' id='word_1_22' title='bbox 636 196 714 239; x_wconf 78' lang='lat' dir='ltr'>volun-</span> 
     </span>
     <span class='ocr_line' id='line_1_4' title="bbox 35 251 713 306; baseline 0.001 -10"><span class='ocrx_word' id='word_1_23' title='bbox 35 256 94 297; x_wconf 86' lang='lat' dir='ltr'>tarie</span> <span class='ocrx_word' id='word_1_24' title='bbox 105 255 261 306; x_wconf 85' lang='lat' dir='ltr'>seinebriarit,</span> <span class='ocrx_word' id='word_1_25' title='bbox 269 256 309 294; x_wconf 90' lang='lat' dir='ltr'>aut</span> <span class='ocrx_word' id='word_1_26' title='bbox 318 252 350 294; x_wconf 85' lang='lat' dir='ltr'>siu</span> <span class='ocrx_word' id='word_1_27' title='bbox 358 265 386 302; x_wconf 34' lang='lat' dir='ltr'>se·</span> <span class='ocrx_word' id='word_1_28' title='bbox 393 251 506 294; x_wconf 84' lang='lat' dir='ltr'>inebriare</span> <span class='ocrx_word' id='word_1_29' title='bbox 516 252 595 295; x_wconf 85' lang='lat' dir='ltr'>soleat.</span> <span class='ocrx_word' id='word_1_30' title='bbox 606 254 629 295; x_wconf 83' lang='lat' dir='ltr'>Si</span> <span class='ocrx_word' id='word_1_31' title='bbox 638 260 713 299; x_wconf 86' lang='lat' dir='ltr'>autem</span> 
     </span>
     <span class='ocr_line' id='line_1_5' title="bbox 36 310 714 366; baseline -0.001 -9"><span class='ocrx_word' id='word_1_32' title='bbox 36 313 123 357; x_wconf 88' lang='lat' dir='ltr'>sobrius</span> <span class='ocrx_word' id='word_1_33' title='bbox 135 311 222 356; x_wconf 88' lang='lat' dir='ltr'>ratione</span> <span class='ocrx_word' id='word_1_34' title='bbox 230 313 429 366; x_wconf 86' lang='lat' dir='ltr'>usus,oenseretor</span> <span class='ocrx_word' id='word_1_35' title='bbox 437 310 502 354; x_wconf 91' lang='lat' dir='ltr'>modo</span> <span class='ocrx_word' id='word_1_36' title='bbox 514 323 557 353; x_wconf 92' lang='lat' dir='ltr'>non</span> <span class='ocrx_word' id='word_1_37' title='bbox 568 311 714 363; x_wconf 86' lang='lat' dir='ltr'>uti,dandum</span> 
     </span>
     <span class='ocr_line' id='line_1_6' title="bbox 36 371 714 429; baseline 0 -12"><span class='ocrx_word' id='word_1_38' title='bbox 36 374 102 428; x_wconf 85' lang='lat' dir='ltr'>soret,</span> <span class='ocrx_word' id='word_1_39' title='bbox 115 374 159 417; x_wconf 89' lang='lat' dir='ltr'>nisi</span> <span class='ocrx_word' id='word_1_40' title='bbox 177 373 274 429; x_wconf 89' lang='lat' dir='ltr'>positive</span> <span class='ocrx_word' id='word_1_41' title='bbox 293 374 407 415; x_wconf 81' lang='lat' dir='ltr'>constaret</span> <span class='ocrx_word' id='word_1_42' title='bbox 418 385 467 414; x_wconf 86' lang='lat' dir='ltr'>esse</span> <span class='ocrx_word' id='word_1_43' title='bbox 489 371 512 413; x_wconf 91' lang='lat' dir='ltr'>iu</span> <span class='ocrx_word' id='word_1_44' title='bbox 523 371 622 415; x_wconf 78' lang='lat' dir='ltr'>mortali.</span> <span class='ocrx_word' id='word_1_45' title='bbox 645 374 714 417; x_wconf 86' lang='lat' dir='ltr'>Ratio</span> 
     </span>
     <span class='ocr_line' id='line_1_7' title="bbox 35 431 714 490; baseline 0 -13"><span class='ocrx_word' id='word_1_46' title='bbox 35 438 86 478; x_wconf 86' lang='lat' dir='ltr'>est:</span> <span class='ocrx_word' id='word_1_47' title='bbox 105 434 165 490; x_wconf 85' lang='lat' dir='ltr'>quia,</span> <span class='ocrx_word' id='word_1_48' title='bbox 179 433 198 477; x_wconf 89' lang='lat' dir='ltr'>si</span> <span class='ocrx_word' id='word_1_49' title='bbox 213 433 274 476; x_wconf 91' lang='lat' dir='ltr'>aliud</span> <span class='ocrx_word' id='word_1_50' title='bbox 296 446 338 475; x_wconf 91' lang='lat' dir='ltr'>non</span> <span class='ocrx_word' id='word_1_51' title='bbox 357 434 454 485; x_wconf 79' lang='lat' dir='ltr'>constet,</span> <span class='ocrx_word' id='word_1_52' title='bbox 474 431 549 487; x_wconf 88' lang='lat' dir='ltr'>potius</span> <span class='ocrx_word' id='word_1_53' title='bbox 568 433 714 490; x_wconf 85' lang='lat' dir='ltr'>praesumitur</span> 
     </span>
    </p>
   </div>
   <div class='ocr_carea' id='block_1_3' title="bbox 36 492 776 548">
    <p class='ocr_par' dir='ltr' id='par_1_3' title="bbox 36 492 776 548">
     <span class='ocr_line' id='line_1_8' title="bbox 36 492 776 548; baseline 0.001 -12"><span class='ocrx_word' id='word_1_54' title='bbox 36 507 85 537; x_wconf 87' lang='lat' dir='ltr'>esse</span> <span class='ocrx_word' id='word_1_55' title='bbox 99 495 122 536; x_wconf 89' lang='lat' dir='ltr'>in</span> <span class='ocrx_word' id='word_1_56' title='bbox 144 496 205 537; x_wconf 90' lang='lat' dir='ltr'>statu</span> <span class='ocrx_word' id='word_1_57' title='bbox 227 493 316 548; x_wconf 77' lang='lat' dir='ltr'>gratiae,</span> <span class='ocrx_word' id='word_1_58' title='bbox 337 506 404 547; x_wconf 89' lang='lat' dir='ltr'>quam</span> <span class='ocrx_word' id='word_1_59' title='bbox 425 492 526 547; x_wconf 68' lang='lat' dir='ltr'>peceati,</span> <span class='ocrx_word' id='word_1_60' title='bbox 548 492 714 548; x_wconf 77' lang='lat' dir='ltr'>iuvandumque</span> <span class='ocrx_word' id='word_1_61' title='bbox 774 502 776 505; x_wconf 78' lang='grc'><strong>’</strong></span> 
     </span>
    </p>
   </div>
   <div class='ocr_carea' id='block_1_4' title="bbox 30 552 758 2048">
    <p class='ocr_par' dir='ltr' id='par_1_4' title="bbox 35 552 715 791">
     <span class='ocr_line' id='line_1_9' title="bbox 35 552 713 609; baseline 0.001 -14"><span class='ocrx_word' id='word_1_62' title='bbox 35 552 112 609; x_wconf 83' lang='lat' dir='ltr'>potius</span> <span class='ocrx_word' id='word_1_63' title='bbox 119 553 213 605; x_wconf 87' lang='lat' dir='ltr'>homini,</span> <span class='ocrx_word' id='word_1_64' title='bbox 225 566 317 608; x_wconf 87' lang='lat' dir='ltr'>proquo</span> <span class='ocrx_word' id='word_1_65' title='bbox 338 553 509 595; x_wconf 71' lang='lat' dir='ltr'>Sacramentum</span> <span class='ocrx_word' id='word_1_66' title='bbox 521 555 555 595; x_wconf 89' lang='lat' dir='ltr'>est</span> <span class='ocrx_word' id='word_1_67' title='bbox 574 553 713 608; x_wconf 88' lang='lat' dir='ltr'>institutum,</span> 
     </span>
     <span class='ocr_line' id='line_1_10' title="bbox 35 611 713 669; baseline 0 -12"><span class='ocrx_word' id='word_1_68' title='bbox 35 627 86 657; x_wconf 88' lang='lat' dir='ltr'>oum</span> <span class='ocrx_word' id='word_1_69' title='bbox 96 613 203 657; x_wconf 75' lang='lat' dir='ltr'>existenti</span> <span class='ocrx_word' id='word_1_70' title='bbox 214 613 236 656; x_wconf 93' lang='lat' dir='ltr'>in</span> <span class='ocrx_word' id='word_1_71' title='bbox 248 612 323 669; x_wconf 81' lang='lat' dir='ltr'>gratia</span> <span class='ocrx_word' id='word_1_72' title='bbox 334 614 395 661; x_wconf 83' lang='lat' dir='ltr'>certo</span> <span class='ocrx_word' id='word_1_73' title='bbox 410 612 490 669; x_wconf 87' lang='lat' dir='ltr'>prosit,</span> <span class='ocrx_word' id='word_1_74' title='bbox 502 611 548 654; x_wconf 87' lang='lat' dir='ltr'>imo</span> <span class='ocrx_word' id='word_1_75' title='bbox 557 613 713 669; x_wconf 77' lang='lat' dir='ltr'>probabiliter,</span> 
     </span>
     <span class='ocr_line' id='line_1_11' title="bbox 35 672 715 728; baseline 0.001 -13"><span class='ocrx_word' id='word_1_76' title='bbox 35 673 58 715; x_wconf 93' lang='lat' dir='ltr'>in</span> <span class='ocrx_word' id='word_1_77' title='bbox 68 674 149 715; x_wconf 86' lang='lat' dir='ltr'>attrito</span> <span class='ocrx_word' id='word_1_78' title='bbox 159 675 256 725; x_wconf 89' lang='lat' dir='ltr'>tantum,</span> <span class='ocrx_word' id='word_1_79' title='bbox 269 675 346 715; x_wconf 79' lang='lat' dir='ltr'>causet</span> <span class='ocrx_word' id='word_1_80' title='bbox 362 672 458 726; x_wconf 87' lang='lat' dir='ltr'>primam</span> <span class='ocrx_word' id='word_1_81' title='bbox 475 672 581 725; x_wconf 80' lang='lat' dir='ltr'>gratiam,</span> <span class='ocrx_word' id='word_1_82' title='bbox 595 687 635 714; x_wconf 85' lang='lat' dir='ltr'>nee</span> <span class='ocrx_word' id='word_1_83' title='bbox 652 674 715 728; x_wconf 87' lang='lat' dir='ltr'>peri-</span> 
     </span>
     <span class='ocr_line' id='line_1_12' title="bbox 35 729 636 791; baseline 0 -17"><span class='ocrx_word' id='word_1_84' title='bbox 35 732 109 775; x_wconf 84' lang='lat' dir='ltr'>eulum</span> <span class='ocrx_word' id='word_1_85' title='bbox 120 731 150 774; x_wconf 89' lang='lat' dir='ltr'>sit</span> <span class='ocrx_word' id='word_1_86' title='bbox 161 731 325 782; x_wconf 69' lang='lat' dir='ltr'>irreverentiae,</span> <span class='ocrx_word' id='word_1_87' title='bbox 335 730 379 773; x_wconf 85' lang='lat' dir='ltr'>nisi</span> <span class='ocrx_word' id='word_1_88' title='bbox 389 730 447 774; x_wconf 84' lang='lat' dir='ltr'>forte</span> <span class='ocrx_word' id='word_1_89' title='bbox 459 730 585 773; x_wconf 87' lang='lat' dir='ltr'>materialis</span> <span class='ocrx_word' id='word_1_90' title='bbox 595 729 636 791; x_wconf 81' lang='lat'>(2).</span> 
     </span>
    </p>

    <p class='ocr_par' dir='ltr' id='par_1_5' title="bbox 30 791 758 1448">
     <span class='ocr_line' id='line_1_13' title="bbox 65 791 716 849; baseline 0.002 -14"><span class='ocrx_word' id='word_1_91' title='bbox 65 793 87 835; x_wconf 82' lang='lat'>9.</span> <span class='ocrx_word' id='word_1_92' title='bbox 104 794 207 835; x_wconf 85' lang='lat' dir='ltr'>Dandum</span> <span class='ocrx_word' id='word_1_93' title='bbox 218 793 294 835; x_wconf 90' lang='lat' dir='ltr'>adulto</span> <span class='ocrx_word' id='word_1_94' title='bbox 305 792 327 834; x_wconf 86' lang='lat' dir='ltr'>in</span> <span class='ocrx_word' id='word_1_95' title='bbox 339 791 414 846; x_wconf 91' lang='lat' dir='ltr'>dubio,</span> <span class='ocrx_word' id='word_1_96' title='bbox 427 805 454 834; x_wconf 87' lang='lat' dir='ltr'>an</span> <span class='ocrx_word' id='word_1_97' title='bbox 466 805 494 834; x_wconf 84' lang='lat' dir='ltr'>ex</span> <span class='ocrx_word' id='word_1_98' title='bbox 505 792 607 835; x_wconf 73' lang='lat' dir='ltr'>vamentia</span> <span class='ocrx_word' id='word_1_99' title='bbox 622 792 652 836; x_wconf 86' lang='lat' dir='ltr'>sit</span> <span class='ocrx_word' id='word_1_100' title='bbox 665 794 716 849; x_wconf 90' lang='lat' dir='ltr'>pri-</span> 
     </span>
     <span class='ocr_line' id='line_1_14' title="bbox 35 852 712 907; baseline 0.003 -12"><span class='ocrx_word' id='word_1_101' title='bbox 35 857 102 895; x_wconf 88' lang='lat' dir='ltr'>vatus</span> <span class='ocrx_word' id='word_1_102' title='bbox 113 867 154 895; x_wconf 92' lang='lat' dir='ltr'>usu</span> <span class='ocrx_word' id='word_1_103' title='bbox 163 854 257 896; x_wconf 88' lang='lat' dir='ltr'>rationis</span> <span class='ocrx_word' id='word_1_104' title='bbox 269 852 337 895; x_wconf 85' lang='lat' dir='ltr'>:item</span> <span class='ocrx_word' id='word_1_105' title='bbox 345 852 387 905; x_wconf 93' lang='lat' dir='ltr'>illi,</span> <span class='ocrx_word' id='word_1_106' title='bbox 398 852 436 907; x_wconf 88' lang='lat' dir='ltr'>qui</span> <span class='ocrx_word' id='word_1_107' title='bbox 447 865 511 894; x_wconf 87' lang='lat' dir='ltr'>usum</span> <span class='ocrx_word' id='word_1_108' title='bbox 523 853 712 907; x_wconf 87' lang='lat' dir='ltr'>rationishabuit,</span> 
     </span>
     <span class='ocr_line' id='line_1_15' title="bbox 34 911 713 964; baseline 0.004 -9"><span class='ocrx_word' id='word_1_109' title='bbox 34 927 75 955; x_wconf 87' lang='lat' dir='ltr'>nee</span> <span class='ocrx_word' id='word_1_110' title='bbox 89 912 160 956; x_wconf 82' lang='lat' dir='ltr'>suitur</span> <span class='ocrx_word' id='word_1_111' title='bbox 178 912 292 956; x_wconf 87' lang='lat' dir='ltr'>amississe</span> <span class='ocrx_word' id='word_1_112' title='bbox 306 911 330 955; x_wconf 91' lang='lat' dir='ltr'>in</span> <span class='ocrx_word' id='word_1_113' title='bbox 345 911 445 964; x_wconf 82' lang='lat' dir='ltr'>mortali,</span> <span class='ocrx_word' id='word_1_114' title='bbox 466 913 491 955; x_wconf 93' lang='lat' dir='ltr'>ut</span> <span class='ocrx_word' id='word_1_115' title='bbox 506 912 570 955; x_wconf 86' lang='lat' dir='ltr'>dooet</span> <span class='ocrx_word' id='word_1_116' title='bbox 585 912 616 955; x_wconf 60' lang='lat' dir='ltr'>S.=</span> <span class='ocrx_word' id='word_1_117' title='bbox 631 914 713 958; x_wconf 80' lang='lat' dir='ltr'>Tltom.</span> 
     </span>
     <span class='ocr_line' id='line_1_16' title="bbox 34 971 714 1028; baseline 0.003 -13"><span class='ocrx_word' id='word_1_118' title='bbox 34 986 56 1028; x_wconf 89' lang='lat' dir='ltr'>p.</span> <span class='ocrx_word' id='word_1_119' title='bbox 70 973 92 1025; x_wconf 87' lang='lat'>3,</span> <span class='ocrx_word' id='word_1_120' title='bbox 105 986 126 1028; x_wconf 91' lang='lat' dir='ltr'>q.</span> <span class='ocrx_word' id='word_1_121' title='bbox 140 971 177 1025; x_wconf 82' lang='lat'>80,</span> <span class='ocrx_word' id='word_1_122' title='bbox 190 987 211 1016; x_wconf 86' lang='lat' dir='ltr'>a.</span> <span class='ocrx_word' id='word_1_123' title='bbox 222 971 245 1026; x_wconf 84' lang='lat'>9,</span> <span class='ocrx_word' id='word_1_124' title='bbox 261 973 284 1015; x_wconf 89' lang='lat' dir='ltr'>in</span> <span class='ocrx_word' id='word_1_125' title='bbox 295 971 317 1016; x_wconf 85' lang='grc' dir='ltr'>Ο.</span> <span class='ocrx_word' id='word_1_126' title='bbox 331 972 419 1025; x_wconf 87' lang='lat' dir='ltr'>saltem,</span> <span class='ocrx_word' id='word_1_127' title='bbox 433 972 452 1014; x_wconf 84' lang='lat' dir='ltr'>si</span> <span class='ocrx_word' id='word_1_128' title='bbox 464 971 526 1026; x_wconf 88' lang='lat' dir='ltr'>prius</span> <span class='ocrx_word' id='word_1_129' title='bbox 537 973 662 1016; x_wconf 87' lang='lat' dir='ltr'>ostenderit</span> <span class='ocrx_word' id='word_1_130' title='bbox 673 974 714 1017; x_wconf 87' lang='lat' dir='ltr'>de·</span> 
     </span>
     <span class='ocr_line' id='line_1_17' title="bbox 34 1031 758 1084; baseline 0.004 -10"><span class='ocrx_word' id='word_1_131' title='bbox 34 1033 148 1074; x_wconf 80' lang='lat' dir='ltr'>rationem</span> <span class='ocrx_word' id='word_1_132' title='bbox 160 1032 188 1074; x_wconf 88' lang='lat' dir='ltr'>ad</span> <span class='ocrx_word' id='word_1_133' title='bbox 203 1032 267 1082; x_wconf 85' lang='lat' dir='ltr'>illud,</span> <span class='ocrx_word' id='word_1_134' title='bbox 280 1031 317 1074; x_wconf 85' lang='lat' dir='ltr'>vel</span> <span class='ocrx_word' id='word_1_135' title='bbox 332 1031 389 1074; x_wconf 90' lang='lat' dir='ltr'>bene</span> <span class='ocrx_word' id='word_1_136' title='bbox 400 1031 485 1073; x_wconf 81' lang='lat' dir='ltr'>vixerit</span> <span class='ocrx_word' id='word_1_137' title='bbox 496 1034 519 1073; x_wconf 89' lang='lat' dir='ltr'>et</span> <span class='ocrx_word' id='word_1_138' title='bbox 529 1032 628 1084; x_wconf 87' lang='lat' dir='ltr'>habitus,</span> <span class='ocrx_word' id='word_1_139' title='bbox 642 1035 667 1076; x_wconf 88' lang='lat' dir='ltr'>ut</span> <span class='ocrx_word' id='word_1_140' title='bbox 678 1034 715 1077; x_wconf 89' lang='lat' dir='ltr'>vir</span> <span class='ocrx_word' id='word_1_141' title='bbox 756 1040 758 1042; x_wconf 76' lang='grc'><strong><em>’</em></strong></span> 
     </span>
     <span class='ocr_line' id='line_1_18' title="bbox 34 1090 714 1145; baseline 0.004 -13"><span class='ocrx_word' id='word_1_142' title='bbox 34 1091 112 1133; x_wconf 89' lang='lat' dir='ltr'>bonus.</span> <span class='ocrx_word' id='word_1_143' title='bbox 126 1091 194 1133; x_wconf 85' lang='lat' dir='ltr'>Ratio</span> <span class='ocrx_word' id='word_1_144' title='bbox 203 1092 251 1145; x_wconf 83' lang='lat' dir='ltr'>jann</span> <span class='ocrx_word' id='word_1_145' title='bbox 262 1092 314 1133; x_wconf 88' lang='lat' dir='ltr'>data</span> <span class='ocrx_word' id='word_1_146' title='bbox 324 1093 359 1132; x_wconf 91' lang='lat' dir='ltr'>est</span> <span class='ocrx_word' id='word_1_147' title='bbox 371 1093 464 1145; x_wconf 85' lang='lat' dir='ltr'>:estque</span> <span class='ocrx_word' id='word_1_148' title='bbox 476 1090 600 1145; x_wconf 82' lang='lat' dir='ltr'>probabile,</span> <span class='ocrx_word' id='word_1_149' title='bbox 613 1092 714 1135; x_wconf 79' lang='lat' dir='ltr'>sufficere</span> 
     </span>
     <span class='ocr_line' id='line_1_19' title="bbox 34 1148 714 1208; baseline 0.007 -18"><span class='ocrx_word' id='word_1_150' title='bbox 34 1152 175 1193; x_wconf 85' lang='lat' dir='ltr'>voluntatem</span> <span class='ocrx_word' id='word_1_151' title='bbox 186 1150 384 1206; x_wconf 84' lang='lat' dir='ltr'>interpretativum</span> <span class='ocrx_word' id='word_1_152' title='bbox 394 1148 435 1208; x_wconf 84' lang='lat'><strong>(3).</strong></span> <span class='ocrx_word' id='word_1_153' title='bbox 449 1149 473 1191; x_wconf 84' lang='lat' dir='ltr'>Si</span> <span class='ocrx_word' id='word_1_154' title='bbox 485 1153 560 1193; x_wconf 89' lang='lat' dir='ltr'>tamen</span> <span class='ocrx_word' id='word_1_155' title='bbox 572 1151 669 1194; x_wconf 88' lang='lat' dir='ltr'>soiretur</span> <span class='ocrx_word' id='word_1_156' title='bbox 680 1153 714 1195; x_wconf 88' lang='lat' dir='ltr'>in-</span> 
     </span>
     <span class='ocr_line' id='line_1_20' title="bbox 33 1210 714 1266; baseline 0.004 -12"><span class='ocrx_word' id='word_1_157' title='bbox 33 1211 114 1254; x_wconf 76' lang='lat' dir='ltr'>cidisse</span> <span class='ocrx_word' id='word_1_158' title='bbox 126 1211 149 1253; x_wconf 90' lang='lat' dir='ltr'>in</span> <span class='ocrx_word' id='word_1_159' title='bbox 160 1211 282 1254; x_wconf 82' lang='lat' dir='ltr'>amentiam</span> <span class='ocrx_word' id='word_1_160' title='bbox 293 1210 360 1266; x_wconf 88' lang='lat' dir='ltr'>paulo</span> <span class='ocrx_word' id='word_1_161' title='bbox 371 1214 422 1266; x_wconf 85' lang='lat' dir='ltr'>pust</span> <span class='ocrx_word' id='word_1_162' title='bbox 434 1210 539 1264; x_wconf 86' lang='lat' dir='ltr'>mortale,</span> <span class='ocrx_word' id='word_1_163' title='bbox 557 1226 597 1254; x_wconf 86' lang='lat' dir='ltr'>nee</span> <span class='ocrx_word' id='word_1_164' title='bbox 609 1212 714 1257; x_wconf 82' lang='lat' dir='ltr'>adessent</span> 
     </span>
     <span class='ocr_line' id='line_1_21' title="bbox 34 1270 715 1328; baseline 0.004 -15"><span class='ocrx_word' id='word_1_165' title='bbox 34 1271 98 1326; x_wconf 80' lang='lat' dir='ltr'>signa</span> <span class='ocrx_word' id='word_1_166' title='bbox 115 1270 213 1326; x_wconf 88' lang='lat' dir='ltr'>positiva</span> <span class='ocrx_word' id='word_1_167' title='bbox 227 1270 375 1328; x_wconf 84' lang='lat' dir='ltr'>poenitentiae,</span> <span class='ocrx_word' id='word_1_168' title='bbox 395 1270 491 1313; x_wconf 90' lang='lat' dir='ltr'>dandum</span> <span class='ocrx_word' id='word_1_169' title='bbox 507 1285 549 1313; x_wconf 94' lang='lat' dir='ltr'>non</span> <span class='ocrx_word' id='word_1_170' title='bbox 567 1275 627 1315; x_wconf 89' lang='lat' dir='ltr'>esset</span> <span class='ocrx_word' id='word_1_171' title='bbox 644 1285 648 1315; x_wconf 94' lang='lat'>:</span> <span class='ocrx_word' id='word_1_172' title='bbox 662 1273 715 1328; x_wconf 84' lang='lat' dir='ltr'>quia</span> 
     </span>
     <span class='ocr_line' id='line_1_22' title="bbox 34 1330 715 1388; baseline 0.003 -14"><span class='ocrx_word' id='word_1_173' title='bbox 34 1332 103 1374; x_wconf 90' lang='lat' dir='ltr'>semel</span> <span class='ocrx_word' id='word_1_174' title='bbox 112 1331 185 1373; x_wconf 91' lang='lat' dir='ltr'>malus</span> <span class='ocrx_word' id='word_1_175' title='bbox 194 1331 339 1388; x_wconf 88' lang='lat' dir='ltr'>praesumitur</span> <span class='ocrx_word' id='word_1_176' title='bbox 348 1343 437 1386; x_wconf 88' lang='lat' dir='ltr'>semper</span> <span class='ocrx_word' id='word_1_177' title='bbox 445 1330 526 1383; x_wconf 91' lang='lat' dir='ltr'>malus,</span> <span class='ocrx_word' id='word_1_178' title='bbox 537 1331 580 1375; x_wconf 89' lang='lat' dir='ltr'>uisi</span> <span class='ocrx_word' id='word_1_179' title='bbox 592 1331 621 1375; x_wconf 89' lang='lat' dir='ltr'>sit</span> <span class='ocrx_word' id='word_1_180' title='bbox 632 1332 715 1377; x_wconf 85' lang='lat' dir='ltr'>tunda-</span> 
     </span>
     <span class='ocr_line' id='line_1_23' title="bbox 30 1391 454 1448; baseline -0.005 -15"><span class='ocrx_word' id='word_1_181' title='bbox 30 1394 134 1439; x_wconf 87' lang='lat' dir='ltr'>mentum</span> <span class='ocrx_word' id='word_1_182' title='bbox 145 1391 328 1448; x_wconf 85' lang='lat' dir='ltr'>praesumptionis</span> <span class='ocrx_word' id='word_1_183' title='bbox 339 1391 454 1447; x_wconf 84' lang='lat' dir='ltr'>oppositae.</span> 
     </span>
    </p>

    <p class='ocr_par' dir='ltr' id='par_1_6' title="bbox 30 1447 714 2048">
     <span class='ocr_line' id='line_1_24' title="bbox 64 1447 714 1505; baseline 0.002 -12"><span class='ocrx_word' id='word_1_184' title='bbox 64 1450 100 1494; x_wconf 87' lang='lat' dir='ltr'>lO.</span> <span class='ocrx_word' id='word_1_185' title='bbox 122 1450 224 1493; x_wconf 87' lang='lat' dir='ltr'>Dandum</span> <span class='ocrx_word' id='word_1_186' title='bbox 245 1463 332 1505; x_wconf 87' lang='lat' dir='ltr'>quoque</span> <span class='ocrx_word' id='word_1_187' title='bbox 349 1449 482 1493; x_wconf 80' lang='lat' dir='ltr'>semi-fatuo</span> <span class='ocrx_word' id='word_1_188' title='bbox 503 1447 545 1505; x_wconf 74' lang='lat'>(4),</span> <span class='ocrx_word' id='word_1_189' title='bbox 563 1451 600 1493; x_wconf 88' lang='lat' dir='ltr'>vel</span> <span class='ocrx_word' id='word_1_190' title='bbox 617 1452 714 1495; x_wconf 90' lang='lat' dir='ltr'>debilem</span> 
     </span>
     <span class='ocr_line' id='line_1_25' title="bbox 33 1508 712 1566; baseline 0.003 -14"><span class='ocrx_word' id='word_1_191' title='bbox 33 1523 98 1552; x_wconf 86' lang='lat' dir='ltr'>usum</span> <span class='ocrx_word' id='word_1_192' title='bbox 109 1509 204 1552; x_wconf 90' lang='lat' dir='ltr'>rationis</span> <span class='ocrx_word' id='word_1_193' title='bbox 213 1508 314 1563; x_wconf 83' lang='lat' dir='ltr'>habenti,</span> <span class='ocrx_word' id='word_1_194' title='bbox 324 1509 342 1552; x_wconf 88' lang='lat' dir='ltr'>si</span> <span class='ocrx_word' id='word_1_195' title='bbox 351 1512 469 1552; x_wconf 82' lang='lat' dir='ltr'>censeatur</span> <span class='ocrx_word' id='word_1_196' title='bbox 476 1522 546 1564; x_wconf 84' lang='lat' dir='ltr'>capax</span> <span class='ocrx_word' id='word_1_197' title='bbox 555 1509 712 1566; x_wconf 86' lang='lat' dir='ltr'>absolutionis,</span> 
     </span>
     <span class='ocr_line' id='line_1_26' title="bbox 33 1568 714 1626; baseline 0.003 -14"><span class='ocrx_word' id='word_1_198' title='bbox 33 1573 57 1612; x_wconf 87' lang='lat' dir='ltr'>et</span> <span class='ocrx_word' id='word_1_199' title='bbox 67 1569 126 1612; x_wconf 85' lang='lat' dir='ltr'>absit</span> <span class='ocrx_word' id='word_1_200' title='bbox 137 1569 261 1624; x_wconf 83' lang='lat' dir='ltr'>perieulum</span> <span class='ocrx_word' id='word_1_201' title='bbox 271 1569 427 1612; x_wconf 79' lang='lat' dir='ltr'>irreverentiae</span> <span class='ocrx_word' id='word_1_202' title='bbox 437 1580 441 1611; x_wconf 95' lang='lat'><strong>:</strong></span> <span class='ocrx_word' id='word_1_203' title='bbox 453 1568 539 1611; x_wconf 83' lang='lat' dir='ltr'>frustra</span> <span class='ocrx_word' id='word_1_204' title='bbox 550 1571 609 1612; x_wconf 90' lang='lat' dir='ltr'>enim</span> <span class='ocrx_word' id='word_1_205' title='bbox 622 1584 714 1626; x_wconf 79' lang='lat' dir='ltr'>exspec-</span> 
     </span>
     <span class='ocr_line' id='line_1_27' title="bbox 32 1628 714 1685; baseline 0.003 -12"><span class='ocrx_word' id='word_1_206' title='bbox 32 1631 95 1673; x_wconf 88' lang='lat' dir='ltr'>tatur</span> <span class='ocrx_word' id='word_1_207' title='bbox 106 1628 193 1685; x_wconf 86' lang='lat' dir='ltr'>plenior</span> <span class='ocrx_word' id='word_1_208' title='bbox 205 1628 258 1672; x_wconf 89' lang='lat' dir='ltr'>usus</span> <span class='ocrx_word' id='word_1_209' title='bbox 268 1628 372 1673; x_wconf 86' lang='lat' dir='ltr'>rationis.</span> <span class='ocrx_word' id='word_1_210' title='bbox 385 1628 444 1672; x_wconf 89' lang='lat' dir='ltr'>Item</span> <span class='ocrx_word' id='word_1_211' title='bbox 455 1628 594 1685; x_wconf 77' lang='lat' dir='ltr'>phrenetico,</span> <span class='ocrx_word' id='word_1_212' title='bbox 606 1630 644 1673; x_wconf 80' lang='lat' dir='ltr'>vel</span> <span class='ocrx_word' id='word_1_213' title='bbox 654 1630 714 1675; x_wconf 89' lang='lat' dir='ltr'>deli-</span> 
     </span>
     <span class='ocr_line' id='line_1_28' title="bbox 33 1687 713 1744; baseline 0.006 -13"><span class='ocrx_word' id='word_1_214' title='bbox 33 1690 102 1743; x_wconf 85' lang='lat' dir='ltr'>ranti,</span> <span class='ocrx_word' id='word_1_215' title='bbox 117 1689 136 1732; x_wconf 83' lang='lat' dir='ltr'>si</span> <span class='ocrx_word' id='word_1_216' title='bbox 154 1688 260 1744; x_wconf 77' lang='lat' dir='ltr'>alligatus</span> <span class='ocrx_word' id='word_1_217' title='bbox 279 1690 385 1733; x_wconf 85' lang='lat' dir='ltr'>admittat</span> <span class='ocrx_word' id='word_1_218' title='bbox 400 1688 456 1732; x_wconf 91' lang='lat' dir='ltr'>alios</span> <span class='ocrx_word' id='word_1_219' title='bbox 471 1687 543 1741; x_wconf 73' lang='lat' dir='ltr'>eibos,</span> <span class='ocrx_word' id='word_1_220' title='bbox 559 1690 625 1733; x_wconf 90' lang='lat' dir='ltr'>modo</span> <span class='ocrx_word' id='word_1_221' title='bbox 636 1694 713 1735; x_wconf 88' lang='lat' dir='ltr'>tamen</span> 
     </span>
     <span class='ocr_line' id='line_1_29' title="bbox 33 1747 712 1807; baseline 0.001 -13"><span class='ocrx_word' id='word_1_222' title='bbox 33 1750 92 1794; x_wconf 80' lang='lat' dir='ltr'>absit</span> <span class='ocrx_word' id='word_1_223' title='bbox 111 1749 236 1806; x_wconf 84' lang='lat' dir='ltr'>perieulum</span> <span class='ocrx_word' id='word_1_224' title='bbox 253 1748 418 1794; x_wconf 83' lang='lat' dir='ltr'>irreverentiae.</span> <span class='ocrx_word' id='word_1_225' title='bbox 438 1747 547 1792; x_wconf 76' lang='lat' dir='ltr'>indubio</span> <span class='ocrx_word' id='word_1_226' title='bbox 568 1754 645 1807; x_wconf 88' lang='lat' dir='ltr'>posset</span> <span class='ocrx_word' id='word_1_227' title='bbox 662 1751 712 1795; x_wconf 87' lang='lat' dir='ltr'>dari</span> 
     </span>
     <span class='ocr_line' id='line_1_30' title="bbox 33 1808 711 1867; baseline 0.004 -14"><span class='ocrx_word' id='word_1_228' title='bbox 33 1810 107 1853; x_wconf 88' lang='lat' dir='ltr'>hostia</span> <span class='ocrx_word' id='word_1_229' title='bbox 121 1824 164 1867; x_wconf 87' lang='lat' dir='ltr'>uon</span> <span class='ocrx_word' id='word_1_230' title='bbox 182 1812 312 1852; x_wconf 79' lang='lat' dir='ltr'>consecrata</span> <span class='ocrx_word' id='word_1_231' title='bbox 326 1813 350 1853; x_wconf 88' lang='lat' dir='ltr'>et</span> <span class='ocrx_word' id='word_1_232' title='bbox 360 1810 418 1853; x_wconf 88' lang='lat' dir='ltr'>hano</span> <span class='ocrx_word' id='word_1_233' title='bbox 429 1808 448 1852; x_wconf 92' lang='lat' dir='ltr'>si</span> <span class='ocrx_word' id='word_1_234' title='bbox 462 1812 596 1854; x_wconf 84' lang='lat' dir='ltr'>reverenter</span> <span class='ocrx_word' id='word_1_235' title='bbox 607 1811 711 1867; x_wconf 82' lang='lat' dir='ltr'>accipiat,</span> 
     </span>
     <span class='ocr_line' id='line_1_31' title="bbox 32 1867 711 1927; baseline 0.003 -15"><span class='ocrx_word' id='word_1_236' title='bbox 32 1869 82 1912; x_wconf 90' lang='lat' dir='ltr'>dari</span> <span class='ocrx_word' id='word_1_237' title='bbox 98 1868 183 1925; x_wconf 87' lang='lat' dir='ltr'>poterit</span> <span class='ocrx_word' id='word_1_238' title='bbox 201 1871 338 1912; x_wconf 75' lang='lat' dir='ltr'>consecrata.</span> <span class='ocrx_word' id='word_1_239' title='bbox 358 1868 394 1912; x_wconf 89' lang='lat' dir='ltr'>Ita</span> <span class='ocrx_word' id='word_1_240' title='bbox 410 1868 444 1911; x_wconf 90' lang='lat' dir='ltr'>La</span> <span class='ocrx_word' id='word_1_241' title='bbox 459 1867 527 1912; x_wconf 81' lang='lat' dir='ltr'>Groix</span> <span class='ocrx_word' id='word_1_242' title='bbox 546 1868 563 1912; x_wconf 87' lang='lat' dir='ltr'>l.</span> <span class='ocrx_word' id='word_1_243' title='bbox 584 1869 625 1924; x_wconf 86' lang='lat' dir='ltr'>VI,</span> <span class='ocrx_word' id='word_1_244' title='bbox 646 1885 669 1927; x_wconf 90' lang='lat' dir='ltr'>p.</span> <span class='ocrx_word' id='word_1_245' title='bbox 690 1872 711 1925; x_wconf 85' lang='lat' dir='ltr'>l,</span> 
     </span>
     <span class='ocr_line' id='line_1_32' title="bbox 33 1929 712 1984; baseline 0.004 -13"><span class='ocrx_word' id='word_1_246' title='bbox 33 1943 55 1972; x_wconf 91' lang='lat' dir='ltr'>n.</span> <span class='ocrx_word' id='word_1_247' title='bbox 65 1929 116 1973; x_wconf 80' lang='grc'><strong>660.</strong></span> <span class='ocrx_word' id='word_1_248' title='bbox 130 1930 188 1972; x_wconf 79' lang='lat' dir='ltr'>Item</span> <span class='ocrx_word' id='word_1_249' title='bbox 196 1929 245 1972; x_wconf 88' lang='lat' dir='ltr'>dari</span> <span class='ocrx_word' id='word_1_250' title='bbox 255 1929 320 1971; x_wconf 87' lang='lat' dir='ltr'>debet</span> <span class='ocrx_word' id='word_1_251' title='bbox 330 1940 489 1984; x_wconf 74' lang='lat' dir='ltr'>energumena,</span> <span class='ocrx_word' id='word_1_252' title='bbox 502 1941 540 1971; x_wconf 91' lang='lat' dir='ltr'>seu</span> <span class='ocrx_word' id='word_1_253' title='bbox 551 1930 649 1983; x_wconf 83' lang='lat' dir='ltr'>obsesso.</span> <span class='ocrx_word' id='word_1_254' title='bbox 662 1931 712 1974; x_wconf 82' lang='lat' dir='ltr'>Etsi</span> 
     </span>
     <span class='ocr_line' id='line_1_33' title="bbox 30 1987 711 2048; baseline 0.004 -16"><span class='ocrx_word' id='word_1_255' title='bbox 30 1990 120 2032; x_wconf 89' lang='lat' dir='ltr'>daemon</span> <span class='ocrx_word' id='word_1_256' title='bbox 131 1990 247 2045; x_wconf 86' lang='lat' dir='ltr'>impediat,</span> <span class='ocrx_word' id='word_1_257' title='bbox 257 2002 299 2044; x_wconf 93' lang='lat' dir='ltr'>quo</span> <span class='ocrx_word' id='word_1_258' title='bbox 307 1987 382 2032; x_wconf 89' lang='lat' dir='ltr'>minus</span> <span class='ocrx_word' id='word_1_259' title='bbox 389 1989 523 2046; x_wconf 85' lang='lat' dir='ltr'>profiteatur</span> <span class='ocrx_word' id='word_1_260' title='bbox 531 1988 646 2034; x_wconf 79' lang='lat' dir='ltr'>Christum</span> <span class='ocrx_word' id='word_1_261' title='bbox 655 2004 711 2048; x_wconf 86' lang='lat' dir='ltr'>prae·</span> 
     </span>
    </p>
   </div>
   <div class='ocr_carea' id='block_1_5' title="bbox 56 2101 316 2289">
    <p class='ocr_par' dir='ltr' id='par_1_7' title="bbox 56 2101 316 2197">
     <span class='ocr_line' id='line_1_34' title="bbox 57 2101 316 2149; baseline -0.004 -11"><span class='ocrx_word' id='word_1_262' title='bbox 57 2103 80 2149; x_wconf 80' lang='lat' dir='ltr'>[ll</span> <span class='ocrx_word' id='word_1_263' title='bbox 87 2104 116 2140; x_wconf 45' lang='lat' dir='ltr'>fef.</span> <span class='ocrx_word' id='word_1_264' title='bbox 126 2104 144 2139; x_wconf 86' lang='lat' dir='ltr'>S.</span> <span class='ocrx_word' id='word_1_265' title='bbox 155 2103 208 2148; x_wconf 78' lang='lat' dir='ltr'>Alph.</span> <span class='ocrx_word' id='word_1_266' title='bbox 219 2102 237 2147; x_wconf 81' lang='lat'>5,</span> <span class='ocrx_word' id='word_1_267' title='bbox 246 2101 288 2139; x_wconf 77' lang='lat'>293.</span> <span class='ocrx_word' id='word_1_268' title='bbox 299 2102 316 2137; x_wconf 78' lang='lat' dir='ltr'>l.</span> 
     </span>
     <span class='ocr_line' id='line_1_35' title="bbox 56 2149 282 2197; baseline 0 -12"><span class='ocrx_word' id='word_1_269' title='bbox 56 2151 80 2197; x_wconf 77' lang='lat'>[2]</span> <span class='ocrx_word' id='word_1_270' title='bbox 88 2151 114 2187; x_wconf 79' lang='lat' dir='ltr'>ef.</span> <span class='ocrx_word' id='word_1_271' title='bbox 124 2152 142 2187; x_wconf 88' lang='lat' dir='ltr'>S.</span> <span class='ocrx_word' id='word_1_272' title='bbox 154 2150 205 2195; x_wconf 88' lang='lat' dir='ltr'>Alph.</span> <span class='ocrx_word' id='word_1_273' title='bbox 217 2150 234 2195; x_wconf 79' lang='lat'>6,</span> <span class='ocrx_word' id='word_1_274' title='bbox 242 2149 282 2186; x_wconf 81' lang='lat'>302.</span> 
     </span>
    </p>

    <p class='ocr_par' dir='ltr' id='par_1_8' title="bbox 63 2197 257 2242">
     <span class='ocr_line' id='line_1_36' title="bbox 63 2197 257 2242; baseline -0.01 -9"><span class='ocrx_word' id='word_1_275' title='bbox 63 2197 80 2242; x_wconf 80' lang='lat'>3)</span> <span class='ocrx_word' id='word_1_276' title='bbox 90 2198 116 2236; x_wconf 85' lang='lat' dir='ltr'>Cf.</span> <span class='ocrx_word' id='word_1_277' title='bbox 126 2198 144 2233; x_wconf 86' lang='lat' dir='ltr'>S.</span> <span class='ocrx_word' id='word_1_278' title='bbox 155 2198 206 2242; x_wconf 82' lang='lat' dir='ltr'>Alplr.</span> <span class='ocrx_word' id='word_1_279' title='bbox 218 2199 231 2233; x_wconf 95' lang='lat' dir='ltr'>l.</span> <span class='ocrx_word' id='word_1_280' title='bbox 242 2208 257 2232; x_wconf 84' lang='lat' dir='ltr'>o.</span> 
     </span>
    </p>

    <p class='ocr_par' dir='ltr' id='par_1_9' title="bbox 65 2242 288 2289">
     <span class='ocr_line' id='line_1_37' title="bbox 65 2242 288 2289; baseline 0 -11"><span class='ocrx_word' id='word_1_281' title='bbox 65 2244 80 2289; x_wconf 79' lang='lat' dir='ltr'>l)</span> <span class='ocrx_word' id='word_1_282' title='bbox 92 2245 119 2280; x_wconf 78' lang='lat' dir='ltr'>Cf.</span> <span class='ocrx_word' id='word_1_283' title='bbox 129 2245 147 2279; x_wconf 82' lang='lat' dir='ltr'>S.</span> <span class='ocrx_word' id='word_1_284' title='bbox 157 2245 209 2289; x_wconf 84' lang='lat' dir='ltr'>Alph.</span> <span class='ocrx_word' id='word_1_285' title='bbox 222 2243 240 2287; x_wconf 82' lang='grc' dir='ltr'>ὃ,</span> <span class='ocrx_word' id='word_1_286' title='bbox 248 2242 288 2279; x_wconf 82' lang='grc'>303.</span> 
     </span>
    </p>
   </div>
   <div class='ocr_carea' id='block_1_6' title="bbox 0 0 794 2464">
    <p class='ocr_par' dir='ltr' id='par_1_10' title="bbox 0 0 794 2464">
     <span class='ocr_line' id='line_1_38' title="bbox 0 0 794 2464; baseline 0 1"><span class='ocrx_word' id='word_1_287' title='bbox 0 0 794 2464; x_wconf 95' lang='lat' dir='ltr'> </span> 
     </span>
    </p>
   </div>
  </div>
 </body>
</html>
